2670 4822
139 404 177 468 18
385 400 421 461 P.
444 387 681 459 VIRGILII
699 393 934 461 MARONIS

132 525 255 590 Intenti
268 535 460 610 exspectant
471 518 619 606 signum,
632 517 895 608 exsultantiaque
907 518 1017 587 haurit

133 631 242 698 Corda
253 651 357 720 pavor
367 628 517 717 pulsans,
530 621 737 716 laudumque
747 625 880 692 adrecta
892 627 1026 716 cupido.

133 738 231 817 lnde,
246 736 303 802 ubi
315 736 401 801 clara
414 733 508 799 dedit
519 734 666 798 sonitum
678 732 773 813 tuba,
787 733 909 799 linibus
922 755 1052 814 omnes,

43 930 48 935 ἢ
132 844 231 912 Haud
243 867 349 923 mora,
363 842 548 932 prosiluere
560 842 646 905 suis:
659 841 737 904 ferit
749 840 873 905 aetbcra
883 842 1009 907 clamor
1141 854 1183 913 ita

131 952 304 1031 Nauticus3
317 947 470 1014 adductis
482 964 637 1035 spumant
649 949 733 1011 freta
744 968 839 1012 versa
850 948 990 1014 lacertis.

131 1056 304 1123 Infindunt
316 1055 440 1144 pariter
453 1053 577 1132 sulcos,
591 1068 766 1142 totumque
779 1051 922 1120 dehiscit

131 1164 334 1229 Convolsum
346 1161 446 1224 remis
458 1160 641 1248 rostrisque
652 1157 852 1224 tridentibus
864 1180 988 1250 aequor.

163 1359 214 1422 ¹37·
228 1357 318 1404 Attentt'
330 1357 385 1401 Ere.
399 1356 478 1401 Burni.
492 1354 652 1418 agloantore.
663 1365 792 1420 exspectat
802 1356 895 1420 Meurig.
906 1355 982 1403 alter:
991 1354 1092 1402 alterum
1101 1353 1182 1402 beni-

129 1430 240 1479 sticbium
252 1430 355 1474 occurrit
370 1429 413 1473 Ge.
427 1429 470 1483 lll,
488 1429 539 1474 105.
558 1428 608 1474 106.
620 1453 652 1463 -
666 1427 717 1474 138.
734 1437 808 1474 erecta
826 1430 932 1490 llugen„
952 1441 976 1475 et
993 1426 1062 1473 multi
1077 1435 1183 1490 arrepta,

129 1502 197 1549 solita
206 1503 342 1548 variatione.
358 1498 491 1544 Admodum
502 1496 625 1562 probabile
637 1499 675 1555 lit,
691 1515 772 1547 versut
791 1500 848 1562 137,
861 1502 956 1557 tuane,
971 1497 1030 1556 138,
1039 1498 1128 1553 Corde,
1142 1509 1184 1544 aut

129 1586 179 1619 esse
196 1571 225 1616 ab
241 1568 286 1615 alia
302 1584 374 1616 manu
389 1570 501 1626 insertos,
520 1570 633 1617 confictos
648 1586 678 1617 ex
693 1586 737 1617 sse.
751 1570 808 1617 alibi
823 1571 1014 1627 aestuantibus,
1034 1581 1076 1616 aut
1088 1569 1182 1631 abipso

127 1656 198 1707 poeta
215 1645 276 1688 inter
288 1644 447 1704 experimenta
463 1643 552 1704 ingenii
568 1645 687 1705 apposita,
706 1656 732 1688 ut
747 1659 802 1690 mox
816 1643 908 1708 reliqua
920 1643 1116 1691 accommodaret.
1130 1643 1181 1687 Jac.

128 1717 222 1779 Bryant.
239 1713 367 1760 delendum
381 1713 491 1760 censebat
508 1727 601 1760 versum
618 1713 661 1760 136
679 1715 811 1761 Cortstduut
830 1741 863 1751 -
883 1717 934 1778 139.
956 1714 1023 1760 Unde
1039 1729 1076 1777 pr.
1095 1714 1197 1758 Meet..

127 1811 160 1823 ·-
180 1783 231 1843 ¹4¹·
252 1783 355 1831 abductis
375 1797 422 1832 tres
439 1786 565 1830 Burmann.
586 1786 700 1848 adjunctis
718 1786 817 1833 Oudart.
833 1811 865 1824 -
885 1787 936 1845 nia.
953 1786 1083 1850 infrendunt
1098 1783 1182 1840 multi,

127 1860 219 1906 vitiose.
233 1855 308 1903 sulcos
321 1860 408 1920 puriter
421 1872 457 1920 pr.
476 1857 559 1903 llamb.
578 1855 697 1903 delitiscunt
709 1859 770 1904 Ven.
787 1883 820 1893 -
837 1858 888 1915 143.
907 1862 1030 1924 restrosque
1048 1855 1183 1902 tridentibus

126 1929 236 1975 Heinsius
250 1940 315 1976 recte
330 1931 443 1992 reposuit.
460 1929 551 1974 Laudat
566 1928 607 1975 ille
623 1925 733 1975 Rott'end.
752 1944 798 1976 tec.
814 1929 881 1977 Adde
899 1933 975 1990 ipsum
991 1930 1078 1976 Medic.
1098 1929 1182 1986 (cette

126 2002 153 2046 in
169 2000 295 2062 exemplari
315 2001 427 2063 Foggin„
448 2004 491 2047 etsi
509 2002 602 2047 Pierius
617 2000 747 2063 Aproniani
767 2000 893 2047 lectionem
911 2002 975 2048 dicat
995 2015 1045 2048 esse
1065 1998 1183 2045 euidenti-

127 2071 182 2127 but,·
193 2072 234 2118 sed
245 2071 312 2118 falsu.
324 2072 382 2117 Nam
396 2084 420 2118 et
432 2073 547 2134 anpon.
561 2070 615 2117 Sab.
629 2071 784 2128 tridentibue,
800 2073 825 2118 id
836 2074 882 2128 est,
896 2077 983 2128 eeutb,
1000 2071 1052 2136 leqit
1064 2071 1181 2132 Api-osuit·

124 2141 214 2198 tresel»
223 2141 297 2188 Ennio
305 2150 402 2187 uectum
412 2144 459 2201 est)
468 2157 522 2188 eum
530 2142 612 2202 fragm.
622 2142 698 2187 vatic.
709 2158 721 2187 a
731 2155 767 2204 pr.
778 2157 809 2186 m.
816 2143 891 2187 Etiam
900 2145 933 2189 sie
942 2157 996 2188 msa.
1006 2139 1106 2187 Palatini
1116 2138 1181 2200 apud

126 2213 221 2259 Gruter.
232 2214 347 2257 Firmatnr
355 2210 444 2258 Valerii
455 2209 490 2256 Fl.
500 2213 631 2257 inritatione
640 2209 682 2262 lib.
693 2213 715 2267 1,
727 2210 845 2258 688v01at
854 2215 957 2258 bnmt'ssb
968 2226 1024 2257 euve
1033 2213 1102 2273 pinus
1112 2207 1182 2252 bebe-

124 2285 169 2339 νώ,
178 2281 316 2346 Infiaditque
324 2279 398 2327 seium
403 2290 427 2327 et
435 2297 528 2346 spumas
537 2285 606 2337 vomit
614 2296 659 2326 eie
667 2283 768 2327 tridenti:
777 2294 800 2328 et
809 2293 883 2329 rostro
890 2281 964 2343 trfido
970 2280 1035 2343 apud
1041 2279 1126 2324 Silium
1135 2276 1180 2334 Vl,

126 2352 185 2410 ³5&
197 2366 220 2400 et
230 2352 285 2400 talia
296 2366 370 2400 rostra
379 2369 440 2417 sepe
450 2356 475 2399 in
484 2355 562 2400 nimis
571 2364 595 2399 et
607 2353 658 2400 aliia
667 2367 723 2400 vett.
734 2368 863 2400 monemur.
875 2365 1010 2400 occurram.
1022 2353 1181 2413 Frequentata

125 2438 204 2472 tamen
215 2425 272 2471 olim
284 2441 297 2470 a
311 2425 485 2481 Grammaticis,
498 2440 543 2470 nec
556 2439 605 2470 non
619 2441 632 2470 a
649 2427 741 2487 scriptis
756 2437 779 2471 et
793 2425 874 2481 editis,
890 2425 961 2471 lectio
974 2435 1039 2469 erat:
1056 2425 1181 2484 rostrisque

125 2495 283 2551 Mentibus,
297 2498 339 2542 etsi
350 2497 375 2540 in
387 2507 489 2542 metrum
500 2510 608 2559 peccans.
625 2496 672 2541 Sed
683 2495 769 2541 inatus
779 2496 903 2561 modoque
913 2495 1036 2548 omissum,
1048 2491 1121 2536 modo
1131 2504 1143 2536 s
1155 2492 1180 2536 in
1204 2534 1207 2539 .

123 2567 269 2614 stridentibus
286 2580 385 2613 erasum.
405 2569 466 2613 Hinc
481 2566 666 2630 interpolatum,
682 2568 714 2612 ab
728 2566 780 2613 aliis
797 2567 861 2631 apud
876 2569 938 2613 Pier.
955 2583 974 2612 r.
990 2562 1134 2616 metm,
1150 2561 1181 2606 ab

125 2637 188 2695 aliis,
198 2637 327 2694 ruentibus,
338 2641 364 2684 in
373 2638 482 2702 Oblongo
491 2636 636 2694 rudentibus,
648 2651 675 2684 ut
685 2641 743 2684 etin
753 2642 829 2702 Sprot.
841 2651 889 2686 erat
896 2654 941 2702 pro
948 2653 998 2685 var.
1007 2635 1062 2682 leet.
1078 2635 1114 2680 Ab
1125 2648 1180 2680 aca-

124 2834 228 2890 unum,
250 2824 521 2901 portisculu'siqrtum
538 2827 624 2897 Quom
677 2839 723 2879 ten
735 2826 958 2900 gubernatorem,
976 2833 1007 2872 ut
1019 2821 1101 2872 evitet
1121 2834 1179 2870 seo·

24 2925 28 2938 ·
123 2903 186 2955 dare
197 2904 434 2977 cepisset-137.
453 2906 510 2959 138.
524 2925 548 2957 v.
562 2924 622 2976 sup.
673 2908 784 2977 pulum,
801 2906 913 2958 nimium
925 2906 953 2955 in
973 2901 1094 2952 dextram
1114 2916 1179 2970 par·

123 2984 220 3057 θοοῖς.
233 2985 283 3052 111,
299 2985 356 3040 105.
378 2987 436 3039 106.
461 2988 550 3056 Quum
569 3004 624 3059 spes
673 2999 726 3040 tem
748 2987 869 3058 evagari,
894 2985 935 3036 ira
954 2985 1093 3046 incensus,
1115 2998 1177 3032 enm

122 3064 389 3136 adreetoejuvenum,
412 3063 624 3137 exsultantiaque
672 3068 736 3119 navi
758 3067 881 3138 projicit,
904 3064 997 3134 sicque
1018 3063 1094 3114 navis
1118 3063 1176 3113 eina

123 3141 215 3194 haurit
235 3143 317 3196 Corda
336 3160 422 3215 pavor
437 3143 555 3215 pulsans.
574 3145 624 3196 Or·
672 3147 841 3199 moderatore
854 3148 947 3198 fertur.
965 3146 1070 3196 Interea
1085 3142 1178 3193 Mnes-

121 3224 210 3274 nutins
227 3223 320 3274 extulit
336 3225 477 3276 Homerica
491 3245 497 3274 z
510 3219 622 3276 aeirem
671 3224 1175 3298 theusetSergestuseumpraevertunt;

121 3295 150 3352 di
160 3297 237 3368 &vair
246 3300 427 3360 insistentibus
443 3300 543 3369 ἶιμίιων.
553 3304 623 3354 Lon-
672 3317 699 3362 at
708 3306 960 3379 Sergestus‚panllo
973 3305 1086 3358 calidius
1100 3322 1177 3356 eree·

121 3383 181 3451 gius
192 3384 306 3452 petitum
323 3396 365 3437 est
384 3385 490 3454 ὀρεχθεῖν
502 3386 530 3436 in
541 3383 624 3455 Apol·
671 3402 728 3454 tus,
741 3388 822 3439 illidit
832 3403 928 3439 narem
937 3388 1023 3449 eauti3
1036 3387 1075 3438 ita
1083 3386 1176 3436 Mnes-

121 3459 176 3512 lon.
190 3463 229 3527 ll,
240 3463 284 3533 49.
671 3469 749 3521 thena
761 3468 847 3521 sulem
863 3465 989 3519 Cleanthi
1000 3466 1116 3538 Scyllam
1127 3465 1177 3518 ha-

161 3543 217 3612 139.
229 3544 265 3595 Ut
273 3545 503 3615 jemuprincipio
516 3560 623 3594 omnem
671 3548 734 3614 bet,
770 3564 831 3599 enm
853 3566 907 3619 qua
933 3557 1035 3608 certet3
1060 3563 1175 3616 eamque

120 3622 257 3674 fortunam
265 3625 417 3676 certaminis
426 3637 527 3688 teneas,
535 3623 623 3678 varin·
670 3629 771 3700 primas
803 3639 937 3679 tenentem
973 3637 998 3677 et
1036 3626 1177 3677 victricem

121 3712 176 3752 tem
188 3700 262 3754 illam
274 3702 380 3754 ensibus
390 3717 416 3754 et
428 3715 544 3755 eventu:
563 3703 622 3772 pri-
670 3709 793 3779 proximo
819 3708 880 3760 loco
904 3707 1071 3776 insequitur,
1093 3709 1176 3758 tertio

120 3798 194 3833 mum
206 3781 240 3834 ab
257 3784 333 3833 initio
354 3783 443 3834 locum
464 3795 537 3842 tenet
553 3783 624 3852 Gyas
670 3789 749 3862 Gyas,
766 3787 884 3861 finibus,
909 3807 967 3861 quae
990 3805 1015 3839 v.
1043 3789 1092 3839 132
1117 3784 1175 3839 loca

120 3865 232 3932 ejusque
243 3864 319 3914 navis
340 3861 487 3923 Chimera5
508 3863 621 3915 alterum
673 3872 759 3922 sortiti
778 3870 980 3937 erant-141.
1001 3868 1123 3920 adducta
1135 3866 1176 3919 ta-

119 3941 210 4014 Seylla
219 3941 358 4009 Cleanthi,
369 3957 426 3994 tum
435 3945 528 3997 Pristis
536 3945 623 3999 Mnes-
671 3951 762 4016 certis,
775 3951 854 4003 simul
867 3969 927 4004 cum
946 3947 1069 4002 adductis
1082 3950 1172 4002 remis.

121 4022 195 4089 thei,
208 4023 331 4075 ultimum
344 4023 490 4077 Centems
501 4026 619 4099 Seryesti.
670 4061 705 4071 -
714 4032 771 4098 ¹4³·
784 4031 938 4086 uidentibus
950 4029 1049 4096 rostris,
1066 4027 1173 4084 trifidis.

119 4103 202 4176 Apud
212 4115 311 4158 metam
321 4103 392 4177 Gyas
410 4105 503 4160 ridens
519 4105 620 4162 Mente·
670 4110 742 4165 conl.
754 4113 785 4164 V.
797 4111 826 4164 L.
