2670 4822
114 371 155 449 24
191 349 193 354 ’
362 368 398 430 r.
421 362 653 432 mactum
675 364 908 434 Minonis

112 493 278 578 Namque,
291 489 404 553 furens
415 489 531 568 animi,
545 487 626 553 dum
636 511 769 576 proram
780 487 823 553 ad
835 494 910 555 saxa
920 487 1104 580 suburguet

113 598 269 676 Interior,
282 597 454 686 spatioque
466 596 554 661 subit
565 597 735 685 Sergestus
747 596 883 687 iniquo,

112 703 233 767 Infelix
244 703 326 768 saxis
338 703 372 766 in
382 702 653 791 procurrentibus
665 702 770 768 haesit.

113 811 288 874 Concussae
300 825 425 888 cautes,
440 825 473 873 et
483 825 581 874 acuto
593 810 628 873 in
639 809 765 874 murice
777 810 860 874 remi

113 913 233 980 Obnixi
245 936 418 1003 crepuere,
431 915 592 1004 inlisaque
604 937 703 1003 prora
714 914 883 1004 pependit.

113 1024 325 1111 Consurgunt
335 1037 457 1099 nautae,
471 1037 504 1085 et
515 1043 635 1108 magno
647 1021 790 1087 clamore
801 1029 989 1104 molentun

112 1129 328 1217 Ferratasque
339 1125 453 1191 trudes
466 1142 499 1191 et
510 1143 605 1192 acuta
616 1125 753 1215 cuspide
765 1146 881 1194 contos
919 1135 924 1143 '

111 1233 315 1323 Expedinnt,
328 1232 515 1321 fractosque
527 1232 642 1319 legunt
653 1232 687 1296 in
701 1234 828 1321 gurgite
840 1255 961 1299 remos.

110 1345 154 1407 At
165 1341 259 1406 laetus
270 1336 714 1428 Mnestheus‚successuque
725 1338 933 1427 acrioripso,
1112 1367 1155 1400 m

111 1447 251 1537 Agmine
263 1466 432 1508 remorum
443 1443 556 1523 celeri,
569 1444 744 1533 ventisque
755 1445 894 1524 vocatis,

111 1555 220 1615 Prona
231 1550 315 1638 petit
326 1550 441 1628 maria,
455 1565 488 1613 et
499 1549 616 1637 pelago
629 1547 774 1615 decurrit
785 1566 911 1638 aperto.

113 1658 226 1740 Qualis
239 1655 396 1745 spelunca
407 1653 517 1720 subito
528 1670 683 1720 conmota
694 1654 862 1735 columba,

113 1764 176 1827 Cui
188 1762 306 1828 domus
319 1778 352 1826 et
364 1760 477 1826 dulces
488 1760 654 1826 latebroso
665 1762 702 1826 in
711 1763 844 1850 pumice
856 1761 944 1843 nidi,

113 1871 232 1933 Fertur
244 1869 366 1947 inarva
377 1867 504 1946 volans,
518 1867 739 1958 plausumque
752 1869 904 1934 exterrita
914 1869 1033 1957 pennis
1112 1884 1157 1930 nt

98 2098 100 2103 .
146 2077 198 2108 ποι.
205 2060 289 2124 furens
298 2065 378 2108 animis
389 2061 478 2126 aliquot
487 2063 548 2110 Pier.
562 2065 599 2110 Sic
609 2064 651 2110 int.
663 2062 705 2111 lib.
715 2065 784 2120 vm,
797 2065 849 2113 228.
861 2063 908 2111 Sed
917 2068 987 2111 aunt
994 2061 1158 2127 codd-agnot-

113 2143 171 2179 cunt
183 2143 206 2178 et
217 2132 323 2178 Arusiau.
334 2133 404 2178 Meas.
414 2145 438 2179 et
450 2135 562 2180 sermonis
572 2132 695 2196 elegantia.
707 2137 782 2182 animo
794 2136 855 2181 Gud.
872 2152 885 2181 a
896 2151 927 2180 ιιι.
939 2151 976 2198 pr.
985 2135 1041 2180 dum
1050 2148 1119 2198 prora
1126 2133 1159 2179 ad

113 2219 133 2250 r.
142 2203 266 2268 suburguet
279 2206 375 2252 rnerur
385 2205 473 2267 legerat
484 2207 597 2268 Pompon.
609 2207 662 2252 Sab.
675 2206 699 2252 h.
713 2224 734 2254 e.
744 2208 873 2270 subiuguet
884 2223 921 2262 se,
932 2207 1103 2268 suburguetur,
1113 2209 1159 2253 im·

78 2304 81 2309 ·
96 2298 99 2305 ¹
112 2273 218 2338 pellitur.
229 2274 299 2334 Quod
311 2275 403 2322 doctius
415 2275 503 2322 dictum
513 2289 555 2322 eat.
567 2286 673 2341 perurget
681 2293 727 2324 aec.
738 2278 847 2324 Rottend.
856 2289 880 2324 et
888 2295 902 2323 a
912 2295 949 2341 pr.
962 2293 993 2322 m.
1003 2277 1051 2323 arf.
1060 2303 1093 2314 -
1104 2277 1157 2334 aod·

112 2345 308 2408 procumbentibus
320 2347 386 2394 Leid.
402 2359 425 2393 et
436 2347 505 2392 Goth.
514 2363 574 2404 see,
585 2360 611 2394 ut
620 2350 664 2395 inf.
675 2351 718 2406 xl,
731 2348 914 2406 selvaniacum,
926 2365 970 2397 nec
981 2349 1090 2411 displicet
1101 2350 1159 2395 Bur·

113 2429 208 2461 manno.
227 2415 286 2462 Mihi
301 2429 379 2463 tamen
390 2416 471 2480 paullo
486 2421 588 2465 coactius
604 2431 627 2466 et
643 2432 730 2467 temere
742 2437 755 2466 a
767 2419 862 2467 librario
878 2433 979 2475 erratum
995 2435 1044 2466 esse
1055 2420 1158 2467 videtur.

112 2509 145 2520 -
155 2486 206 2531 205.
219 2488 243 2530 in
252 2487 316 2533 abest
325 2504 337 2533 a
345 2487 434 2534 Zulich.
445 2488 514 2534 Goth.
526 2504 572 2535 sec.
583 2501 606 2535 et
614 2491 662 2536 Eri.
670 2517 703 2527 -
711 2491 765 2537 208.
775 2492 851 2536 trudes
860 2491 940 2536 Heius.
949 2505 995 2537 sec.
1006 2504 1060 2536 suos
1069 2501 1093 2536 et
1104 2491 1158 2535 Pie-

57 2550 62 2559 '
112 2554 202 2609 rianoa;
220 2557 279 2601 Sunt
293 2558 368 2603 nudes
382 2560 451 2603 conti.
461 2570 527 2605 acuta
537 2560 647 2621 cuspide,
667 2577 679 2607 a
691 2560 824 2618 trudendo,
845 2562 888 2607 etsi
901 2562 934 2606 sic
948 2558 1035 2623 syllaba
1050 2558 1120 2620 longa
1132 2559 1158 2603 in

112 2623 208 2670 brevem
217 2625 301 2672 abierit
312 2643 406 2675 necesse
419 2641 460 2675 eat.
470 2629 499 2675 At
508 2630 575 2675 sudes
586 2643 662 2678 servat
670 2631 757 2677 Medic.
769 2631 852 2676 llamb.
867 2646 913 2676 aec.
927 2641 950 2676 et
961 2646 973 2676 a
985 2646 1016 2674 m.
1029 2644 1076 2675 sec.
1088 2629 1158 2673 Mon-

113 2693 169 2739 talb.
183 2720 215 2730 ·-
229 2711 281 2743 aro.
294 2699 327 2742 Et
345 2699 433 2745 Medic.
451 2716 463 2745 a
477 2716 507 2744 ιιι.
520 2717 555 2763 pr.
567 2701 618 2746 Aut
628 2701 687 2748 alter
698 2701 781 2747 Hamb.
796 2701 835 2747 atto
847 2701 912 2747 Leid.
930 2713 953 2747 et
969 2700 1027 2746 alter
1040 2700 1111 2746 Goth.
1127 2723 1158 2734 -

113 2761 166 2818 alls.
186 2766 208 2808 in
225 2765 290 2812 deest
306 2767 372 2814 alteri
385 2769 467 2815 Hamb.
482 2773 505 2815 in
516 2775 603 2836 qurqite
617 2789 630 2818 a
643 2789 675 2818 m.
689 2787 736 2818 sec.
751 2771 840 2819 Zulich.
855 2797 886 2808 -
898 2773 950 2818 215.
966 2768 1103 2835 pulsumque
1118 2769 1157 2816 ed.

113 2833 225 2884 Commel.
238 2841 313 2902 pimus
328 2842 394 2885 Rom.
405 2841 492 2889 Medic.
506 2855 529 2890 et
538 2844 598 2890 Gud.
644 2898 647 2903 .

112 3029 272 3070 reverterent
279 3015 449 3070 Centaurum.
464 3020 575 3074 interior
582 3040 608 3074 v.
646 3023 723 3087 totis
733 3023 928 3077 remis-211.
944 3018 1027 3071 ventis
1043 3018 1158 3083 uocatis,

114 3096 149 3147 ad
158 3116 183 3147 v.
199 3098 247 3166 187
260 3099 347 3168 spatio
361 3098 472 3170 iniquo,
486 3114 608 3173 angusto.
659 3107 782 3176 expansis
801 3103 880 3168 velis,
900 3121 926 3152 v.
946 3118 1005 3171 sup.
1027 3101 1076 3163 111,
1095 3099 1156 3151 253.

113 3177 148 3226 cf.
160 3176 223 3229 Stat.
237 3177 447 3246 Theh.Vl,440
457 3199 495 3251 sq.
507 3201 609 3248 murex,
656 3202 743 3256 prona
765 3184 868 3249 muria,
891 3182 919 3232 in
943 3180 1040 3250 quibus
1064 3193 1160 3230 cursus

111 3255 217 3307 Servius
229 3279 234 3306 :
245 3257 302 3308 saxi
314 3274 427 3310 acumen
439 3261 555 3314 eminens
561 3281 612 3333 pen
658 3281 760 3336 pronus
773 3282 804 3316 nc
814 3263 884 3316 celer
896 3263 952 3312 sine
965 3257 1157 3330 impedimento

111 3336 334 3413 tranquillitatem
354 3337 416 3410 (hoc
437 3359 469 3392 ex
491 3360 515 3392 v.
539 3328 628 3414 127).¹
652 3342 701 3406 <flu
713 3343 784 3396 idem
795 3353 915 3414 apertum
926 3337 1043 3412 pelagus.

113 3416 184 3470 illisa
201 3419 329 3489 pependit
344 3437 395 3491 pro
418 3420 521 3493 vulgari
540 3420 611 3475 illisa
695 3422 854 3491 213-217.
867 3420 940 3474 acinus
952 3413 1161 3487 nicpttxtmtit,

110 3512 165 3560 cst;
178 3498 225 3551 sed
238 3503 359 3566 suavius,
372 3501 445 3572 quod
456 3502 575 3555 sublimis
585 3514 612 3554 et
658 3501 735 3555 Iliad.
749 3519 780 3569 φ,
796 3492 856 3572 cipri
873 3500 925 3572 495
937 3500 1096 3573 expressisse
1109 3518 1160 3570 pu·

110 3596 242 3650 suspensa
253 3583 370 3647 nutavit,
379 3580 487 3633 libravit
495 3598 560 3634 sese.
575 3583 609 3634 cf.
660 3595 745 3646 tatum
763 3595 790 3634 at
802 3593 903 3652 quanto
918 3583 1050 3632 ornatius!
1067 3581 1161 3632 domus

109 3661 161 3710 inf.
174 3659 197 3709 X
208 3697 217 3724 ,
230 3659 297 3726 303,
317 3661 377 3727 304.
396 3659 493 3712 Sumsit
507 3661 541 3712 ab
553 3662 611 3712 Vir·
660 3672 687 3714 et
697 3661 784 3715 dulces
796 3661 898 3714 nidi-
909 3674 935 3714 et
952 3672 1056 3714 tectum.
1073 3671 1162 3712 exter-

111 3740 176 3811 gilio
188 3739 245 3790 haec
259 3739 352 3792 eadem
363 3740 441 3793 Silius
453 3741 541 3806 XVll,
559 3743 606 3794 281
660 3742 712 3792 rita
726 3753 808 3807 tecto,
821 3741 868 3792 dat
875 3743 971 3813 pennis
979 3740 1106 3812 plausum
1119 3741 1162 3791 in-

79 3837 82 3842 ·
113 3837 172 3890 sqq.
190 3837 292 3888 —ao7.
310 3831 449 3871 morantur
462 3857 471 3884 ,
491 3819 608 3883 harent3
656 3832 778 3894 pentem,
803 3840 863 3872 cum
887 3819 949 3872 inde
973 3819 1064 3872 volatu
1085 3818 1162 3872 abire

114 3903 213 3971 quippe
233 3900 296 3951 dum
312 3918 407 3952 navem
427 3912 498 3952 retro
519 3912 608 3973 agunt.
658 3913 745 3971 parat.
762 3903 832 3953 Bene
848 3903 977 3970 Pompon.
995 3898 1056 3952 sab.
1080 3917 1162 3950 tcum

113 3980 214 4044 tmtdes,
228 3991 330 4030 contos.
342 3997 367 4030 v.
380 3981 443 4031 Var.
455 3980 527 4032 Lect.
659 3981 753 4052 incipit
761 3981 852 4032 volare
863 3981 1002 4045 columba,
1012 3978 1059 4031 dat
1068 3982 1164 4051 ingen·

149 4075 207 4110 aro.
220 4060 327 4131 agmine
338 4075 469 4111 temonem
475 4097 485 4126 ,
502 4073 610 4128 ornate,
659 4072 713 4113 tem
723 4063 876 4131 strepitum
887 4058 949 4114 inde
961 4063 999 4113 ita
1009 4060 1101 4131 quieta
1109 4076 1161 4111 so·
