2670 4822
137 408 157 485 4
387 399 421 461 P.
445 393 677 461 VIRGlLll
700 394 932 463 MARONIS

133 508 258 591 Moeuia
270 521 463 609 respiciens,
479 520 631 610 quaejam
644 519 785 585 infelicis
798 521 910 585 Elissae

134 633 319 698 Conlucent
329 629 478 694 flammis.
492 630 573 711 Quae
585 645 714 693 tantum
727 627 921 694 adcenderit
932 629 1058 720 ignem,

133 745 255 806 Caussa
266 740 361 803 latet:
375 735 450 802 duri
462 760 582 825 magno
594 734 655 801 sed
666 759 780 802 amore
793 736 925 802 dolores
1167 752 1181 797 5

133 847 277 926 Polluto,
291 862 491 934 notumque,
505 845 619 908 furens
632 843 714 932 quid
726 845 850 909 femina
862 847 980 934 possit,

131 955 240 1018 Triste
252 974 313 1041 per
323 950 499 1038 augurium
511 951 718 1015 Teucrorum
731 969 866 1039 pectora
881 949 1020 1017 ducunt.

176 1061 222 1127 Ut
232 1059 368 1148 pelagus
381 1072 518 1120 tenuere
529 1072 630 1135 rates,
643 1078 705 1121 nec
713 1056 783 1146 jam
795 1058 936 1146 amplius
948 1058 1016 1121 ulla

131 1167 283 1233 Occurrit
294 1162 391 1227 tellus
401 1186 409 1241 3
421 1161 524 1225 maria
535 1160 699 1250 undique,
714 1180 747 1227 et
761 1162 910 1253 undique
923 1163 1062 1244 coelum;

130 1273 196 1341 Olli
207 1268 367 1337 caeruleus
380 1288 479 1355 supra
491 1284 590 1354 caput
601 1266 726 1332 adstitit
738 1267 859 1350 imber,
1152 1297 1179 1331 ιο

135 1543 138 1548 ,
150 1498 181 1549 ,3.
189 1500 240 1562 jam
244 1493 321 1558 felicis
338 1493 428 1556 aliquot
439 1493 513 1549 Pien,
525 1493 594 1540 male.
604 1519 637 1530 -
646 1493 669 1550 4.
681 1495 815 1541 accenderat
824 1494 891 1541 Leid.
904 1494 1028 1540 incenderit
1037 1493 1098 1540 alius
1109 1494 1176 1540 Leid.

129 1572 190 1616 ...5,
201 1569 245 1614 diri
252 1565 365 1612 Montalb.
378 1565 420 1611 sub
429 1579 505 1611 amore
516 1565 588 1612 Wall.
601 1577 625 1612 et
634 1567 723 1613 Zulicli.
737 1567 814 1614 deleta
826 1569 906 1629 priore
916 1570 1031 1630 scriptura
1042 1583 1048 1611 ι
1061 1568 1178 1628 imperite.

129 1640 213 1690 doloris
223 1638 309 1684 Medic.
318 1663 351 1673 -
359 1637 381 1682 6.
392 1645 469 1700 posset
480 1638 565 1684 Monet.
578 1653 624 1684 sec.
638 1651 661 1684 et
672 1639 741 1684 Goth.
755 1650 808 1685 tert.
818 1664 850 1674 -
858 1639 911 1685 8-
921 1654 955 1684 ιι.
973 1654 1024 1700 sup.
1036 1638 1081 1694 ΙΙΙ,
1097 1653 1178 1698 192·-

132 1714 233 1775 ,195jam
249 1708 306 1755 lecti
318 1724 405 1756 versus.
419 1711 471 1772 jam
486 1708 552 1754 deest
567 1708 653 1754 Moret.
665 1735 697 1746 -
708 1726 730 1770 9.
749 1712 853 1773 Apparet
868 1726 909 1756 un.
921 1708 1065 1773 Guelpherh.
1082 1711 1108 1754 in
1123 1709 1179 1753 Ere.

129 1787 192 1830 Cort.
212 1783 291 1827 Lectio
308 1784 380 1825 naaria
394 1797 418 1824 u.
432 1789 455 1824 et
467 1796 489 1824 u.
506 1778 588 1825 coelum
601 1793 636 1827 est
655 1797 682 1826 ex
699 1783 760 1827 Pier.
780 1794 804 1828 et
820 1782 900 1828 lleius.
919 1781 985 1828 libris
1002 1779 1134 1844 potioribus
1149 1779 1180 1824 ab

128 1850 226 1900 Heinsio
241 1854 350 1914 reposita.
363 1849 472 1912 Vulgaris
483 1849 555 1897 lectio
566 1863 632 1897 erat:
650 1849 732 1896 carlum
743 1868 767 1898 u.
779 1861 803 1897 et
815 1868 838 1896 u.
851 1853 951 1907 Pontus,
960 1851 1066 1897 traducta
1076 1849 1136 1894 forte
1150 1864 1178 1893 ex

128 1925 172 1977 lib.
189 1924 235 1978 ΙΙΙ,
253 1921 385 1983 193,unde
403 1933 426 1967 et
437 1921 550 1980 Quinctil.
563 1923 606 1967 llll
616 1939 714 1984 prooem.
727 1925 822 1987 petiisse
834 1923 935 1970 ridetur.
947 1932 971 1968 et
981 1923 1046 1969 abest
1060 1937 1073 1966 a
1087 1919 1177 1966 Zulich.

127 2019 160 2031 -
172 2008 208 2040 ιο.
224 1990 263 2038 uu
274 1991 350 2038 multi.
365 1993 449 2037 exstitit
460 1992 519 2038 Ven.
533 2003 556 2038 et
567 1991 681 2037 Montalh.

127 2179 209 2252 gam),
217 2178 352 2251 vulgarius
363 2190 441 2244 esset,
451 2178 625 2232 marealtum.
675 2181 745 2233 Dido
774 2178 895 2253 polluere
918 2180 1012 2233 debuit
1038 2197 1178 2242 amorem,

127 2261 162 2309 At
174 2269 271 2320 certus,¹
285 2273 356 2311 recte
368 2258 440 2312 Serv.
461 2261 562 2312 itineris
585 2261 627 2312 sui
677 2274 807 2331 quatenus
835 2280 867 2313 eo
901 2260 1018 2313 adducta
1047 2271 1123 2322 erat,
1148 2270 1180 2308 ut

127 2349 229 2411 certus,
243 2339 388 2407 persistens
399 2340 426 2390 in
440 2340 551 2391 consilio
564 2358 627 2410 pro·
675 2354 788 2393 mortem
801 2339 852 2391 sibi
863 2341 982 2391 inferret.
994 2339 1063 2389 Nam
1073 2335 1182 2407 pollue·

127 2414 262 2468 ficiscendi
270 2419 298 2468 in
306 2417 419 2470 ltaliam.
433 2417 560 2490 aquilone
571 2418 628 2470 dic·

125 2509 183 2547 tum
196 2496 332 2562 absolute,
341 2508 367 2550 et
377 2497 464 2568 simpl.
478 2516 527 2568 pro
535 2510 623 2549 vento.

125 2589 156 2626 ut
168 2593 227 2647 sup.
240 2577 285 2641 IV,
296 2576 355 2628 3ιο.
365 2576 492 2628 etmediis
501 2595 626 2647 properas

124 2653 294 2726 aquilonibus
307 2655 344 2706 ire
360 2673 411 2726 per
423 2652 523 2720 altum,
540 2667 566 2706 et
584 2673 623 2707 vs.

124 2733 174 2786 562
186 2735 245 2805 pari
257 2735 338 2785 modo
348 2734 481 2805 Zephyros
492 2734 624 2786 secundos

125 2813 234 2867 dixerat.
248 2813 409 2886 Carthagine
417 2816 444 2865 in
453 2815 557 2865 ltaliam
567 2827 626 2867 ten-

124 2892 190 2945 dens
201 2906 291 2945 austro
306 2905 361 2943 tum
371 2894 411 2944 uti
423 2891 524 2944 debuit.

161 2972 247 3043 5-7-
266 2973 311 3025 sed
328 2972 389 3023 duri
409 2970 508 3024 dolores
527 2990 623 3045 mapao

123 3072 212 3105 amore
234 3052 360 3124 polluto,
382 3051 456 3123 quod
481 3054 624 3125 cogitant,

123 3151 178 3201 quo
202 3151 341 3202 erumpere
366 3133 451 3202 possit
471 3133 515 3184 vel
540 3133 624 3185 soleat

122 3211 202 3262 dolor
226 3213 306 3264 animi
329 3212 505 3264 intolerabilis
526 3232 623 3285 magno

124 3310 214 3342 amore
226 3291 304 3356 laeso,
318 3304 463 3364 notumque
471 3330 480 3356 ,
495 3304 534 3357 et,
549 3292 624 3363 quod

122 3390 178 3422 non
190 3372 330 3442 ignorant,
338 3371 434 3441 furens
446 3371 513 3443 quid
515 3371 623 3441 femina

120 3450 215 3522 possit,
228 3449 284 3501 haec
296 3451 398 3501 ducunt
408 3451 542 3515 Teucros,
557 3453 625 3503 Teu·

123 3548 226 3580 crorum
249 3540 376 3600 pectora,
401 3547 450 3600 per
479 3530 624 3600 aupurium

123 3610 208 3673 triste,
218 3609 245 3659 h.
266 3629 289 3661 e.
299 3609 377 3661 facile
388 3608 526 3660 adducunt
535 3627 580 3660 eos
589 3609 624 3661 ad

124 3687 310 3760 augurandum
329 3706 360 3739 ac
373 3686 581 3757 suspicandum,
595 3687 624 3738 id

123 3767 197 3840 quod
220 3779 295 3831 erat,
319 3766 384 3818 mali
405 3764 470 3836 quid
491 3768 620 3820 evenisse.

121 3866 219 3920 maprto
245 3864 334 3899 amore
353 3844 476 3918 polluto,¹
507 3851 622 3918 'exposui

123 3945 183 3981 cum
191 3926 292 3991 Servio,
302 3924 370 3988 iaso,
380 3944 416 3977 sc.
427 3925 461 3978 ab
469 3927 622 3991 AEneuvio·

121 4007 177 4059 lata
193 4007 254 4059 fide.
275 4007 327 4057 Vix
344 4017 450 4070 tamen,
467 4007 570 4077 inquis,
588 4028 620 4061 eo

120 4085 204 4139 modo
211 4083 302 4159 pollui
315 4083 511 4149 emordicitur3
529 4089 619 4159 potius

674 2437 703 2470 re
715 2419 804 2472 locum
812 2417 894 2471 hahet
904 2420 932 2469 in
942 2416 1026 2481 caede,
1037 2416 1176 2486 sanguine,

674 2498 792 2570 piaculo.
805 2499 887 2550 Recte
895 2496 1004 2567 quidem
1013 2517 1019 2545 ι
1029 2493 1076 2546 sed
1088 2496 1176 2546 minus

673 2577 727 2629 hoc
742 2575 973 2629 accommodatum
985 2573 1011 2625 h.
1027 2573 1045 2624 l.
1066 2572 1177 2642 adjunc-

674 2659 720 2719 tis;
734 2656 800 2728 quid
812 2656 873 2707 duri
883 2652 982 2706 dolores
994 2671 1092 2724 mapuo
1104 2671 1176 2703 amo-

673 2755 701 2788 re
707 2734 811 2808 polluto
820 2735 925 2787 efficere
933 2734 1045 2804 possint.
1056 2733 1128 2804 Ergo
1137 2734 1175 2784 sic

674 2815 837 2869 dicendum:
857 2833 932 2867 amor
944 2813 1045 2865 violata
1065 2811 1117 2864 fide
1140 2813 1174 2865 ab

674 2897 758 2948 altero
772 2904 877 2947 amante
884 2891 974 2964 pollui
986 2893 1095 2964 proprie
1109 2890 1176 2945 dici·

673 2987 717 3026 tur
725 2993 757 3025 ex
765 2971 912 3035 adulterio,
921 2971 1066 3023 concubitu
1076 2973 1159 3024 vetito
1168 2995 1174 3022 :

673 3073 698 3104 v.
712 3073 735 3104 c.
748 3053 840 3102 Horat.
861 3051 906 3115 lv,
929 3047 959 3115 5,
983 3068 1024 3112 2¹3
1049 3062 1078 3101 ut
1095 3052 1175 3102 etiam

673 3134 738 3186 fides
771 3132 956 3202 corrumpitur.
991 3134 1072 3183 Poeta
1104 3131 1176 3183 idem

672 3232 744 3265 nunc
758 3212 824 3264 dixit
847 3230 897 3283 pro
919 3210 972 3263 fide
994 3212 1092 3262 amoris
1112 3210 1177 3262 lesa

673 3295 781 3345 omnino
795 3304 821 3344 et
842 3291 943 3343 violata
962 3289 996 3341 ab
1017 3291 1109 3341 AEnea.
1135 3293 1176 3344 Ita

664 3376 742 3446 jura,
750 3373 853 3443 foedera
863 3409 871 3436 ,
882 3369 967 3441 pollui
980 3370 1106 3421 dicuntur
1116 3388 1175 3441 quae

673 3452 822 3513 violantur,
843 3450 908 3521 quia
930 3447 1024 3501 eadem
1043 3467 1120 3501 sacra
1144 3469 1175 3502 ac

673 3544 783 3597 sancta,
805 3543 893 3595 casta,
910 3541 979 3581 sunt.
991 3559 1025 3568 -
1036 3549 1061 3582 v.
1084 3549 1099 3600 7
1119 3533 1176 3582 ani-

673 3630 746 3663 mum
759 3611 861 3662 ducunt
869 3628 919 3681 per
930 3609 1001 3661 triste
1014 3609 1174 3682 aupurium,

673 3710 705 3743 ex
732 3690 854 3762 pluribus
881 3689 986 3742 indiciis
1015 3691 1175 3761 praesagium

673 3769 817 3832 eliciendo;
829 3771 919 3821 omnia
931 3771 1020 3822 animo
1033 3787 1176 3839 pererran-

672 3849 716 3901 do.
730 3867 779 3921 per
794 3861 824 3900 ut
844 3851 892 3913 vl,
913 3849 964 3918 743
982 3867 1033 3921 per
1053 3847 1174 3920 amplum

670 3928 951 4000 MittimurElysium.

705 4011 809 4063 8—11.
833 4008 917 4061 lidem
937 4026 1029 4062 versus
1050 4028 1109 4080 sup.
1122 4010 1172 4075 ΙΙΙ,

672 4085 835 4159 192-195,
847 4087 895 4143 ubi
906 4088 968 4143 vide
980 4090 1015 4145 cf.
1032 4088 1128 4162 Odyss.
1136 4109 1171 4157 μ,
