2670 4822
319 383 579 450 nnntnos
603 387 759 451 Lmen
782 386 821 451 v.
1067 394 1110 474 43

56 505 278 585 Trinacriam,
293 523 325 570 et
337 506 443 594 spolia
454 506 509 571 illa
521 508 586 572 tuis
598 506 778 595 pendentia
788 511 902 575 tectis?
914 541 928 569 i
948 584 954 594 1

57 614 117 678 Ille
129 613 194 678 sub
205 613 295 678 haec:
313 642 326 670 a
340 614 416 676 Non
427 612 534 678 laudis
546 636 654 692 amor,
667 637 730 680 nec
742 616 845 703 gloria
858 620 955 682 cessit

56 718 153 783 Pulsa
163 736 277 798 metu;
291 717 349 783 sed
363 718 451 782 enim
464 717 593 805 gelidus
605 718 756 784 tardante
769 739 901 786 senecta
1064 739 1112 800 39⁵

55 825 195 913 Sanguis
207 824 323 904 hebet,
337 825 526 914 frigentque
539 826 649 890 elfetae
662 827 696 890 in
710 848 849 916 corpore
861 830 957 894 vires.

55 931 89 996 Si
101 931 199 1009 mihi,
214 953 289 1020 quae
302 928 472 1020 quondam
484 932 606 1011 luerat,
621 955 753 1021 quaque
766 933 926 1022 inprobus
939 936 1000 1000 iste

57 1036 208 1102 Exsultat
221 1035 342 1116 fidens,
356 1037 384 1102 si
396 1060 486 1102 nunc
498 1038 585 1102 foret
597 1036 652 1102 illa
663 1039 682 1102 J
685 1055 840 1119 uventas3

56 1142 157 1208 Haud
170 1143 328 1233 equidem
339 1145 448 1233 pretio
460 1141 616 1210 inductus
627 1144 837 1234 pulchroque
845 1146 991 1236 juvenco

56 1250 232 1315 Venissem
242 1275 251 1330 ς
263 1273 326 1315 nec
338 1248 426 1314 dona
438 1273 560 1314 moror.
574 1280 587 1309 n
603 1250 655 1316 Sic
667 1250 790 1318 deinde
802 1251 933 1316 locutus
1065 1267 1112 1324 [μου

57 1359 99 1420 ln
110 1355 261 1420 medium
274 1357 423 1445 geminos
436 1357 560 1421 inmani
573 1355 723 1445 pondere
736 1373 846 1422 cestus

57 1462 218 1553 Projecit3
232 1462 353 1551 quibus
364 1485 442 1529 acer
453 1465 540 1551 Eryx
551 1464 585 1527 in
598 1464 709 1551 praelia
723 1479 837 1528 suetus

57 1573 159 1634 Ferre
171 1592 321 1648 manum,
336 1568 489 1659 duroque
501 1568 676 1634 intendere
688 1569 823 1635 brachia
834 1586 940 1658 tergo.

57 1675 270 1764 Obstupuere
280 1675 398 1739 animi:
412 1692 579 1740 tantorum
592 1676 738 1764 ingentia
750 1693 879 1764 septem

58 1784 168 1870 Terga
179 1781 285 1845 boum
297 1781 434 1870 plumbo
447 1784 558 1847 insuto
571 1784 729 1872 ferroque
741 1782 901 1871 rigebant.
1067 1791 1112 1848 405

90 1950 144 2012 395.
155 1953 205 1997 Nec
217 1949 232 1995 l.
245 1967 267 1996 a.
280 1949 371 2014 aliquot
382 1953 444 1998 Pier.
457 1968 502 1999 non
515 1953 587 2017 pioria
600 1953 648 1999 duo
658 1953 768 1997 Burman.
782 1950 856 1997 laudt's
868 1950 939 1997 honor
950 1950 998 1995 duo
1014 1948 1112 1994 ibidem.

58 2032 135 2070 cessat
144 2024 231 2073 vitium
244 2022 299 2075 edd.
316 2025 396 2070 Heius.
414 2037 438 2070 et
448 2028 526 2071 Burm.
539 2052 570 2060 -
580 2025 632 2086 396.
651 2023 716 2068 habet
729 2026 825 2077 vitiose,
841 2026 910 2070 etiam
922 2022 1078 2068 vetustissimi.
1090 2036 1123 2066 v.·

58 2097 121 2141 Pier.
132 2094 211 2158 efflato
222 2097 298 2158 bigot.
311 2108 335 2147 et
346 2097 466 2153 Parthas„
479 2098 544 2161 quod
556 2111 590 2144 est
603 2095 705 2159 vulgare.
722 2094 825 2158 effractae
838 2095 919 2140 llamb.
936 2109 982 2140 see.
993 2109 1006 2137 a
1019 2107 1049 2135 tn.
1066 2105 1113 2136 aec.

59 2166 148 2230 effecte
157 2166 270 2222 Dorvill.,
282 2166 363 2213 saltem
377 2168 476 2215 deberet
488 2185 538 2215 esse
550 2169 646 2232 affecte.
658 2193 690 2203 -
703 2167 755 2228 398.
767 2169 877 2212 Iuventas
889 2167 969 2212 Heius.
983 2174 1036 2226 post
1051 2162 1112 2207 Pier.

61 2255 90 2284 ex
99 2239 166 2283 Rom.
177 2238 264 2285 Medic.
278 2252 301 2286 et
308 2241 401 2302 optimis
409 2240 467 2287 aliis.
477 2241 554 2302 Vulgo
565 2241 604 2287 alii
612 2244 721 2303 juventa,
730 2239 840 2285 nonnulli
851 2241 919 2285 etiam
924 2241 1045 2301 juventus,
1058 2249 1114 2296 pro·

60 2306 209 2353 taicaforma.
216 2309 274 2353 Nam
283 2308 351 2355 deam
357 2310 448 2366 Heben,
455 2327 472 2358 s.
480 2313 637 2366 luventatem
643 2323 713 2372 poeta
720 2326 763 2372 pro
768 2313 817 2372 ipsa
823 2321 889 2355 atate
895 2311 1113 2373 exquisitiusponit.

60 2379 147 2441 —399.
156 2379 253 2425 inductis
261 2384 339 2442 pretiis
350 2382 464 2428 Montalb.
474 2382 597 2447 pulchrave
608 2383 670 2428 idem
683 2398 737 2427 cum
748 2381 799 2427 aliia
810 2382 889 2426 burm.
900 2392 923 2426 et
930 2382 1004 2437 Pier.,
1014 2380 1115 2428 male.-

61 2451 114 2508 loo.
125 2449 160 2496 m'l
172 2452 196 2496 d.
209 2468 238 2496 m.
250 2452 341 2515 aliquot
349 2471 387 2515 ap.
399 2457 478 2501 Burm.
486 2455 578 2511 4403.
589 2471 658 2500 manu
670 2453 776 2500 Parthas.
787 2466 811 2499 et
822 2455 888 2498 Rom.
897 2451 989 2509 -ltoln
1000 2456 1028 2498 ln
1041 2463 1115 2499 tanto-

62 2540 113 2568 rum
126 2523 217 2569 herem
230 2526 307 2586 intpp.
325 2525 406 2572 Faber.
419 2530 482 2589 conj.
501 2536 597 2574 totorum
610 2531 624 2571 i.
644 2543 678 2582 3.,
696 2527 843 2572 Burmannus
854 2539 878 2572 et
892 2526 1080 2572 emendationem
1093 2537 1116 2572 et

62 2597 136 2641 Servii
156 2593 352 2656 explicationem,
372 2606 500 2655 mnwrum,
520 2600 564 2645 boc
584 2612 630 2655 est,
646 2603 746 2644 virorum
761 2597 872 2660 sortium,
893 2609 956 2644 recte
981 2599 1071 2659 rejicit;
1092 2609 1116 2641 at

63 2664 125 2710 idem
149 2664 261 2726 amplecti
282 2667 370 2714 mavult
388 2667 552 2731 interpolatam
571 2669 653 2715 Hamb.
674 2685 721 2715 tec.
746 2679 769 2713 et
790 2667 828 2714 ed.
850 2669 947 2713 Venetae
972 2666 1115 2712 lectionem:

64 2732 205 2796 Obstupuere
220 2738 292 2780 animi
308 2739 452 2783 Teucrorum.
470 2730 571 2804 lupentio
587 2749 672 2803 septem
686 2743 757 2802 Terqa
769 2737 843 2783 boum.
855 2738 928 2783 Parva
940 2749 975 2782 est
986 2737 1116 2782 observatio

64 2809 224 2867 grammatica,
237 2824 308 2870 quam
320 2821 397 2857 tamen
410 2822 490 2857 tenere
503 2828 551 2857 non
563 2812 660 2874 pigebit.
676 2814 762 2855 Tantus
772 2822 795 2855 et
808 2808 871 2864 talis,
883 2821 909 2854 ut
919 2804 978 2855 τοῖος
989 2806 1028 2853 vel
1038 2803 1115 2862 uiroc,

64 2878 94 2922 ita
108 2892 245 2940 ponuntur,
263 2892 290 2924 ut
305 2880 431 2927 cantualem
449 2883 587 2946 particulam
606 2886 666 2929 intra
682 2898 707 2928 se
726 2880 925 2943 complectantur,
945 2878 1116 2939 reddendaque

64 2948 108 2993 tint
119 2964 180 3010 per:
197 2964 251 2994 nam
265 2966 358 3015 maqnus
365 2985 373 3008 ,
390 2967 443 2997 nam
459 2952 551 3000 multus.
565 2955 600 2999 lta
616 2953 640 2999 h.
653 2953 668 2998 l.
682 2967 741 3014 pro:
753 2958 902 3014 namseptem
914 2951 1010 3012 repentia
1022 2962 1117 3010 mequo-

97 3088 152 3158 394
163 3120 199 3128 -
211 3090 272 3160 399.
285 3092 357 3145 Talis
368 3097 503 3164 excusatio
515 3098 567 3148 fre·
616 3113 718 3159 moror,
730 3094 868 3165 premium
881 3110 936 3142 non
949 3107 1029 3142 curo:
1044 3089 1117 3160 quod

67 3187 150 3240 quens
166 3171 195 3220 in
213 3173 343 3239 Homero,
363 3175 483 3245 inprimis
500 3177 568 3229 Nes·
616 3178 759 3227 Burmann.
775 3172 899 3224 illustrat.

65 3251 137 3301 toris.
161 3249 229 3302 Vide
248 3251 362 3315 iliada,
392 3255 438 3307 132
458 3274 516 3327 sqq.
539 3272 566 3318 λ,
653 3254 713 3320 402.
736 3252 796 3319 403.
818 3251 899 3320 Jungi
919 3260 1025 3319 potest:
1045 3248 1118 3318 Eryx

67 3326 116 3398 669
140 3346 180 3399 sq·
206 3329 241 3394 i,
263 3332 315 3400 629
339 3350 396 3404 tq„
418 3346 445 3385 et
467 3336 568 3387 Laertae
618 3328 1120 3402 acerimpunius,et,ferremanumiu

67 3405 160 3480 OdYSS·
175 3429 208 3469 ὕ»
226 3408 276 3478 375
293 3429 348 3482 sq,
367 3413 416 3465 sed
433 3428 530 3466 ornatu
543 3427 569 3467 et
615 3411 722 3486 proelt'a,
736 3412 843 3474 afferre,
855 3409 984 3461 adhibere
995 3410 1022 3459 iu
1035 3420 1120 3460 cettu-

67 3489 196 3539 0rationis
209 3491 234 3539 vi
246 3490 372 3562 Virgilius
387 3495 517 3563 superior.
532 3496 566 3546 cf.
616 3495 696 3546 mine.
710 3491 780 3559 serre
790 3509 900 3541 manum
917 3490 945 3540 in
953 3486 1047 3559 proelia
1055 3526 1064 3551 ‚
1078 3506 1121 3541 ex·

67 3567 112 3617 inf.
125 3566 173 3619 lib.
188 3568 263 3637 V111,
277 3571 327 3622 560
337 3589 376 3643 sq.
386 3570 467 3640 Quod
479 3586 568 3625 autem
618 3575 714 3644 quisito
722 3589 772 3644 pro
780 3588 875 3622 manus
887 3586 1041 3641 conserere5
1051 3568 1121 3620 etin·

67 3663 126 3698 cum
138 3649 227 3700 verbis
247 3651 360 3721 grandes
377 3652 453 3719 illos,
471 3653 568 3724 quibus
618 3650 722 3703 tendere
735 3649 935 3720 braclriaterqo,
947 3666 996 3719 pro
1009 3647 1121 3700 induere

68 3726 130 3778 olim
140 3746 205 3780 usus
218 3742 288 3796 erat,
305 3745 392 3782 cestus
405 3733 432 3782 in
451 3733 568 3784 medium
618 3732 841 3798 restem—404.
859 3732 930 3782 Nam
952 3742 1039 3781 cestus
1056 3729 1122 3779 facti

67 3809 186 3878 projicit,
200 3827 297 3881 magno
307 3823 389 3882 poeta
398 3811 507 3884 dignum
519 3824 566 3864 est.
619 3812 809 3864 eraritecorio
834 3822 938 3880 septem
960 3825 1121 3878 magnorum

68 3916 100 3926 ·-
112 3889 174 3959 399.
192 3889 331 3942 Venissem
345 3891 484 3962 equidem,
493 3891 568 3944 haud
617 3891 814 3957 boum,insuto
822 3889 934 3962 plumbo
945 3890 1079 3956 ferroque.
1094 3903 1119 3934 v.

67 3967 191 4019 inductus
217 3971 340 4039 praemio;
368 3969 395 4021 h.
424 3969 466 4024 vel
493 3970 568 4023 nulle
617 3972 822 4024 Var.Lect.Res
838 3987 902 4021 vero
915 3964 1120 4023 admiraculum

13 4042 16 4048 ⁵
67 4049 168 4116 praemii
180 4051 284 4102 ratione
303 4049 404 4104 habita.
423 4051 479 4104 Nec
498 4051 568 4104 dona
617 4053 673 4105 fere
682 4064 761 4104 ancta
770 4053 797 4103 in
806 4050 847 4103 his
859 4048 949 4120 Erycis
958 4044 1119 4098 cestibus——
