2670 4822
358 381 596 449 'AENEIDOS
619 383 774 450 LIBER
795 383 836 451 V.
1099 382 1117 452 5

70 506 208 570 Noctem
220 503 434 596 hrememque
446 509 571 588 ferens
585 524 618 572 et
630 506 795 573 1nhorru1t
806 507 897 574 unda
907 505 1063 576 tenebris.

71 616 142 702 Ipse
155 614 360 735 gubernator
369 638 475 704 puppi
467 615 659 680 Palinurus
672 615 713 680 ab
725 616 806 680 alta:

75 749 86 779 o
98 723 191 786 Heu!
207 723 363 811 quianam
374 721 457 786 tanti
469 721 643 786 cinxerunt
654 720 778 786 aethera
789 721 916 786 nimbi?

70 825 219 908 Quidve,
215 843 323 917 pater
333 830 502 916 Neptune,
518 828 658 915 parasii
673 827 725 892 Sic
738 826 860 892 deinde
872 808 1002 893 locutus

69 931 244 1020 conligere
255 957 346 998 arma
353 933 463 1025 Jubet
477 932 661 1022 validisque
672 933 866 998 mcumbere
877 955 995 1014 remis,
1085 942 1118 995 15

69 1036 293 1128 Obliquatque
306 1040 397 1104 sinus
409 1039 444 1102 13
457 1055 609 1117 ventum,
622 1062 661 1104 ac
672 1039 750 1103 talia
761 1040 865 1103 fatur:

72 1145 308 1232 «Magnanimo
320 1148 435 1224 Ainea,
448 1167 532 1224 non,
546 1145 573 1209 si
585 1143 668 1207 mihi
679 1145 698 1209 J
700 1145 835 1233 uppiter
844 1160 960 1210 auctor

69 1248 251 1338 spondeat,
265 1250 330 1320 hoc
342 1273 473 1339 sperem
486 1251 613 1315 ltaliam
625 1251 818 1338 contingere
831 1251 927 1316 33313.

67 1356 185 1420 Mutati
197 1372 381 1422 transversa
393 1357 553 1437 fremunt,
568 1373 600 1421 et
613 1379 750 1445 vespere
762 1356 804 1421 ab
816 1373 889 1422 atro

67 1463 280 1550 Consurgunt
291 1464 396 1542 venti,
409 1480 509 1552 atque
522 1464 556 1527 in
568 1462 693 1527 nubem
706 1465 835 1551 cogitur
845 1486 912 1528 aer.
1087 1490 1116 1521 20

67 1569 135 1633 Nec
146 1591 208 1634 nos
222 1568 327 1634 obniti
339 1586 467 1649 contra,
480 1591 543 1634 nec
554 1567 692 1633 tendere
704 1586 833 1632 tantum

67 1673 272 1740 Sufficimus:
286 1691 421 1766 superat
432 1676 591 1765 quoniam
603 1678 762 1755 Fortuna,
776 1695 967 1764 sequamur,

67 1780 209 1870 Quoque
222 1797 331 1861 vocat,
344 1798 510 1846 vertamus
523 1783 602 1845 iter:
616 1803 678 1845 nec
690 1781 786 1845 litora
798 1781 896 1869 longe

67 1885 147 1951 Fida
159 1910 237 1951 reor
247 1887 392 1951 fraterna
404 1887 532 1976 Erycis,
545 1904 729 1975 portusque
742 1886 892 1967 Sicanos,

67 1994 98 2059 Si
110 1993 213 2059 modo
225 1993 288 2058 rite
299 2015 429 2058 memor
440 2010 568 2058 servata
580 1993 738 2058 remetior
749 2010 870 2057 astra.»
1083 2005 1113 2050 25

98 2237 132 2267 11.
146 2221 235 2268 horruit
241 2221 338 2268 Mentel.
348 2238 385 2284 pr.
396 2248 429 2259 -
441 2223 475 2270 13.
486 2223 538 2269 Heu
549 2240 595 2288 quo
603 2239 657 2269 nom
668 2221 757 2288 aliquot
766 2223 826 2269 Pier.
837 2222 890 2268 Heu
899 2221 1007 2287 quiiinom
1014 2221 1112 2284 quidam

67 2310 93 2340 ex
104 2296 133 2340 113
145 2292 219 2349 alius,
232 2306 255 2341 et
267 2306 313 2340 tres
325 2311 362 2356 ap.
374 2295 452 2341 Burin.
464 2297 516 2342 Jov.
528 2296 648 2342 Pomanus
657 2295 758 2343 malebat
769 2297 875 2359 3313333,
885 2310 928 2340 333
940 2293 985 2340 1333
997 2292 1065 2339 male.
1073 2296 1111 2340 Sic

65 2364 109 2409 Eri.
124 2362 172 2409 Sed
187 2367 295 2428 quianam
306 2364 414 2411 codicum
430 2377 454 2411 et
469 2366 677 2412 Grammaticorum
689 2369 826 2412 auctoritate
838 2365 914 2410 firmat
929 2367 1026 2411 Pierius.
1042 2364 1112 2409 Anti-

65 2449 137 2495 quum
146 2433 287 2480 vocabulum
299 2446 399 2481 sectatus
408 2447 442 2481 est
451 2448 533 2499 poeta3
549 2436 579 2481 ei.
592 2436 675 2482 Corda.
688 2453 732 2499 pro
743 2434 854 2482 curnam?
865 2451 956 2499 equora
969 2433 1039 2479 nimbi
1053 2433 1113 2478 alter

65 2505 146 2551 [lamb.
159 2530 191 2541 -
205 2506 241 2551 16.
250 2508 325 2551 soum
336 2506 484 2569 13334331).-
498 2507 532 2554 18.
542 2510 676 2572 conjunpere
686 2510 767 2553 Franc.
778 2505 818 2553 hoc
826 2510 911 2569 possim
919 2508 939 2550 1.
949 2521 970 2551 3.
980 2515 1046 2551 vento
1054 2505 1113 2550 Par-

64 2575 123 2622 thas.
135 2575 236 2623 Dorvill.
245 2611 253 2634 ‚
268 2577 418 2639 interpolate.
433 2603 466 2614 -
482 2594 517 2640 19·
536 2577 565 2623 31
582 2576 630 2624 olto
644 2578 731 2625 Medic.
744 2595 757 2623 a
775 2594 806 2622 m.
823 2593 868 2623 sec.
881 2576 956 2622 Colot.
973 2575 1033 2621 alter
1044 2576 1110 2620 Voss.

65 2659 87 2692 et
98 2647 209 2693 Rottend.
222 2663 269 2694 333.
280 2647 328 2694 Sed
339 2647 458 2710 vulgatum
469 2651 598 2695 amantius.
609 2672 641 2685 -
654 2665 691 2695 3ο.
705 2647 774 2694 aether
783 2651 877 2710 Sprot.,
896 2646 939 2693 sed
950 2665 972 2694 v.
984 2648 1112 2692 Burmann.

64 2741 92 2753 -
102 2733 138 2762 21.
151 2717 230 2765 333133·
238 2717 347 2782 plerique
358 2721 419 2767 Pier.
433 2732 455 2766 et
464 2720 561 2767 Dorvill.
573 2729 670 2784 nequet.
683 2719 774 2783 aliquot
784 2721 845 2764 Pier.
857 2743 888 2754 —
899 2732 936 2762 33.
950 2733 996 2781 quo
1010 2719 1059 2778 jam
1074 2732 1112 2777 pr.

64 2790 172 2836 Rottend.
184 2794 292 2855 43331333
306 2801 399 2855 superat
413 2793 473 2838 Ven.
484 2817 516 2827 -
528 2792 566 2838 33.
584 2793 678 2856 Quaque
689 2791 795 2838 Parthas.
810 2790 886 2848 Quove
897 2787 967 2834 Goth.
980 2798 1033 2833 tert.
1045 2795 1113 2836 33331

65 2860 150 2907 Medic.
161 2871 279 2908 vertamur
286 2863 392 2910 Parrhas.
404 2872 516 2910 vertemus
525 2863 595 2910 Goth.
608 2864 675 2911 alter.
687 2865 742 2910 Non
753 2861 768 2909 ἱ.
781 2864 841 2909 Veu.
850 2886 883 2897 -
894 2858 931 2916 34.
935 2859 1038 2922 fraterni
1047 2859 1112 2923 conj.

65 2931 152 2990 113133.;
164 2933 214 2981 duo
224 2934 314 2982 scilicet
326 2935 430 2999 epitheta
441 2936 601 2984 offendebam.

65 3129 123 3196 433.
139 3129 156 3196 ξ
163 3169 171 3192 ,
184 3131 237 3184 333
256 3149 295 3202 sq.
315 3143 500 3204 superoccupat,
513 3131 562 3185 de·
612 3131 763 3201 adjectum3
776 3140 905 3200 quatenus
916 3121 1019 3196 aliquid
1031 3138 1112 3195 spou-

64 3227 158 3280 snper,
180 3211 329 3278 meapte„
348 3211 389 3263 vei
411 3208 520 3277 iiiito,
533 3223 564 3263 ut
612 3213 657 3265 det
667 3232 698 3264 ac
710 3212 849 3283 promittit.

65 3305 106 3358 ap.
119 3289 194 3341 Arat.
203 3288 290 3340 Phaen.
304 3289 365 3356 433.
376 3290 436 3357 433.
651 3310 724 3364 39-
733 3292 774 3344 35.
787 3291 935 3342 Adversum
945 3288 1026 3359 igitur
1034 3287 1113 3338 navi-

99 3368 140 3421 15.
158 3370 198 3420 16.
211 3387 285 3419 amn
297 3368 324 3420 h.
339 3369 357 3420 1.
376 3369 438 3421 vela
455 3382 562 3422 contra·
611 3373 712 3443 gatiani
722 3373 749 3423 in
761 3370 865 3422 Italiam
877 3380 985 3420 ventum
996 3366 1030 3417 ab
1040 3367 1112 3417 occi-

61 3447 124 3501 here
132 3449 218 3519 jubet.
231 3449 274 3501 Sic
288 3445 351 3499 insa
363 3448 397 3502 de
416 3468 470 3501 uno
485 3447 561 3504 iarios
609 3451 689 3504 dente
700 3450 851 3511 habebant3
873 3447 1043 3500 transversim
1064 3445 1112 3496 ilie

63 3526 113 3579 hoc
123 3547 220 3599 genere
233 3527 305 3599 apud
315 3529 455 3580 Homonv.
464 3528 559 3581 Corda.
610 3533 714 3602 spirans
743 3549 849 3583 cursum
864 3525 1035 3580 retardabat.
1069 3527 1111 3577 lta

65 3607 271 3679 Obliquatrinus
279 3609 399 3660 velorum
407 3610 560 3677 inventum,
610 3613 700 3664 malim
712 3615 850 3682 accipere,
863 3627 944 3680 quam
956 3606 991 3658 ad
1006 3606 1111 3676 aquilo·

62 3701 215 3738 nostrorum
244 3693 389 3739 nautarum
422 3689 560 3754 Laviren,
610 3710 672 3743 nem
689 3709 761 3742 nuuc
771 3701 880 3742 ventum
898 3688 931 3739 ab
952 3703 1049 3739 occasu
1063 3704 1111 3737 ac-

62 3780 140 3819 vento
153 3767 267 3820 adverso
285 3786 341 3819 non
353 3770 416 3820 totis
427 3769 493 3820 velis
515 3788 562 3820 33-
611 3773 720 3822 cessisse
739 3787 848 3841 putere3
866 3789 916 3822 333
938 3789 963 3821 v.
981 3770 1014 3822 16
1033 3765 1112 3819 Obli-

63 3860 154 3918 cepto,
168 3846 217 3899 sed
229 3860 333 3900 tantum
342 3867 374 3899 ex
383 3849 512 3919 obliquo,
527 3868 562 3902 ne
609 3861 677 3922 quat
686 3851 773 3918 sinus,
781 3870 813 3904 33
823 3851 920 3904 ducere
930 3861 1034 3922 potest,
1048 3866 1109 3899 cum

63 3926 104 3977 1113
116 3944 216 3997 magna
231 3929 259 3979 vi
281 3929 384 3979 irruens
405 3947 501 3980 navem
518 3931 562 3981 ni·
609 3931 813 3989 ventumalaeva
820 3932 965 4002 spirantem
978 3929 1107 3997 designet.

63 4008 143 4057 mium
153 4005 189 4058 de
208 4023 288 4058 cursu
300 4005 431 4059 deflectat.
453 4009 517 4059 Mox
531 4026 561 4077 17
610 4011 713 4062 tendere
721 4021 842 4075 tontum,
856 4021 984 4080 quamtum
998 4005 1112 4058 adversa

62 4087 246 4139 auctor-etiam
264 4085 291 4139 h.
310 4086 329 4138 l.
346 4099 455 4142 ornatus
467 4105 562 4142 caussa
611 4083 754 4161 tempestas
763 4089 842 4142 valet.
855 4088 926 4140 Serv.
941 4086 982 4154 34.
997 4084 1111 4138 331133-
