2670 4822
424 378 662 444 AENEIDOS
686 380 841 445 LIBER
864 384 903 446 V.

138 503 235 568 Troia
247 502 390 568 Crimiso
402 518 602 591 conceptum
614 501 751 567 flumine
763 520 869 569 mater

136 614 242 694 Quem
255 611 381 700 genuit.
395 613 554 675 Veterum
566 633 635 675 non
648 611 812 676 inmemor
824 613 880 678 illo
892 631 1068 704 parentum

138 721 291 784 Gratatur
303 715 457 798 reduces,
471 734 504 783 et
516 741 593 805 gaze
605 717 699 783 loetus
710 719 830 806 agresti
1154 736 1186 796 4.»

137 825 279 912 Excipit,
293 846 331 888 ac
343 823 448 887 fessos
460 823 580 911 opibus
592 822 717 888 soletur
727 825 852 890 amicis.

137 933 270 996 Postera
283 953 388 1018 quum
400 930 509 1018 primo
521 929 630 998 stelles
643 931 779 996 Oriente
791 932 921 1018 fugaret

139 1036 232 1102 Clara
244 1033 331 1116 dies;
344 1036 451 1102 socios
463 1037 498 1099 in
510 1052 633 1102 coetum
643 1037 740 1103 litore
751 1037 794 1102 ob
806 1039 899 1103 omni

136 1187 156 1232 ll
166 1187 241 1234 Theb.
253 1185 303 1232 128.
318 1189 434 1252 129¹&an
443 1185 529 1233 mouit
538 1190 561 1232 in
572 1184 680 1233 mulus.
688 1187 734 1234 Sed
744 1188 790 1235 boc
797 1187 914 1235 divertunt
922 1206 929 1245 3
938 1186 1053 1239 horrescit
1062 1192 1111 1255 ipu
1121 1194 1186 1257 tigris

138 1256 200 1319 pelle
212 1256 339 1302 maculosa.
356 1257 449 1304 Scilicet
458 1259 527 1320 jungi
538 1257 598 1304 tolet
610 1258 722 1304 Horridus
734 1261 757 1303 in
764 1257 862 1321 prolis:
874 1259 940 1321 quod
951 1272 981 1305 an
993 1273 1056 1307 reete
1068 1263 1122 1319 liet,
1140 1263 1185 1310 du-

138 1328 187 1374 bito
199 1328 285 1375 adbuc.
297 1330 418 1392 Quotquot
432 1331 495 1375 enim
512 1328 616 1392 exempla
630 1328 699 1375 allata
717 1329 774 1385 vidi,
791 1328 837 1375 alio
854 1330 924 1375 modo
940 1333 1014 1393 accipi
1026 1347 1137 1394 pottunt,
1156 1335 1186 1381 do

139 1414 185 1461 quo
199 1417 221 1445 v.
236 1400 327 1444 Notum.
340 1401 421 1462 ltaque
433 1401 567 1462 interpunxi
580 1412 632 1462 post
643 1401 764 1446 Hom‘dus.
778 1402 856 1446 Potest
866 1401 961 1464 quidem
972 1418 1016 1464 pro
1029 1403 1100 1450 altera
1112 1407 1186 1451 inter·

137 1471 282 1529 pretatione,
294 1471 361 1515 nteit
376 1469 489 1516 Horridus
505 1472 528 1515 itt
542 1467 642 1532 jaculis,
656 1469 746 1515 leuderl
760 1469 850 1516 bonne
866 1482 947 1516 nottro
963 1486 1084 1535 experitur
1098 1473 1186 1520 Valerii

137 1538 172 1583 Fl.
186 1540 209 1595 1,
226 1539 272 1596 lto
285 1545 386 1605 agnoscit
400 1541 511 1597 Acastum
522 1541 658 1587 Hor-mntem
663 1540 749 1605 jaculis
757 1551 781 1587 et
792 1556 878 1604 pormae
888 1540 937 1588 luce
945 1558 1064 1590 coruscum
1070 1563 1079 1600 ,·
1090 1545 1132 1591 ubi
1143 1560 1187 1591 neo

137 1610 214 1655 minue
226 1609 342 1674 r'njoculir
357 1612 427 1658 luisse
440 1614 552 1675 seriptum
563 1614 692 1675 impleatut
702 1615 751 1675 er
763 1625 798 1659 eet
812 1615 933 1669 licinium
952 1613 989 1659 vel
1004 1617 1037 1660 tio
1048 1625 1127 1661 tamen
1138 1627 1187 1661 non

135 1681 234 1741 jungam
249 1697 304 1726 cum
319 1683 370 1728 viro
391 1681 524 1729 doctittimo
536 1683 671 1729 Homntem
684 1685 707 1727 in
718 1682 817 1746 probs,
836 1683 877 1730 sed
893 1685 1043 1740 Homtttem,
1060 1689 1083 1730 in
1093 1684 1186 1748 jacohi.

138 1749 237 1808 Quoties
256 1753 319 1797 enim
334 1751 442 1799 Valerius
453 1753 498 1799 boc
510 1752 623 1817 loquendi
634 1768 709 1816 genet
720 1753 868 1817 frequentat,
880 1754 985 1802 absolute
996 1758 1097 1817 potitum
1108 1755 1186 1802 video.

138 1820 171 1866 De
187 1821 287 1885 reliquit
300 1841 323 1872 v.
337 1824 390 1869 Not.
402 1823 512 1888 etjoculir
522 1825 580 1872 alter
592 1823 673 1872 Hemb.
686 1824 806 1886 Libystidis
818 1826 939 1873 defentam
949 1827 1003 1874 ride
1016 1843 1028 1872 ι
1041 1830 1118 1874 Pierio
1129 1843 1187 1874 eon·

138 1895 172 1937 t'ra
183 1909 223 1939 cot
239 1897 281 1959 qui
304 1894 426 1956 Libystidis
442 1895 559 1943 malebant
576 1914 582 1942 :
601 1896 720 1957 mysticis
733 1909 756 1943 et
772 1897 892 1958 Libystinis
906 1902 960 1945 vitia
973 1898 1131 1945 librariorum.
1149 1902 1188 1946 Est

139 1957 218 2018 Λίβυς,
228 1961 350 2020 Aissvmir.
362 1991 394 2002 -
403 1966 440 2013 38.
453 1968 540 2014 Crinito
551 1967 640 2032 ubique
651 1967 778 2023 edebatur;
790 1983 834 2014 nec
847 1968 914 2014 aliter
924 1967 1008 2023 codd„
1021 1970 1091 2014 etiam
1100 1969 1187 2015 Medio.

138 2030 164 2076 ln
180 2035 262 2094 paucis
280 2034 392 2092 Crim'sso,
408 2049 432 2083 et
448 2038 558 2085 Crinosso.
573 2039 608 2083 De
624 2037 757 2084 diversitate
777 2040 897 2101 scriptura·
914 2040 999 2100 potuim
1018 2040 1061 2084 viri
1078 2038 1141 2084 docti
1157 2038 1187 2084 ad

140 2101 249 2164 Stephon.
260 2105 356 2167 Byzant.
367 2107 464 2152 Diodor.
477 2120 501 2154 et
512 2106 542 2153 al.
555 2126 576 2154 v.
588 2106 681 2155 Cluver.
694 2107 759 2154 Sieil.
772 2120 836 2164 ant,
850 2108 955 2170 inprimis
972 2108 1051 2153 Heius.
1067 2107 1097 2153 ad
1113 2106 1186 2153 Clau-

140 2171 201 2218 dien.
212 2175 234 2218 ll
245 2176 272 2220 R.
279 2177 305 2220 P.
314 2178 398 2242 57‚qui
410 2180 441 2226 ob
450 2179 558 2227 codicum
565 2195 707 2226 consensum
713 2181 800 2227 cuneo
811 2180 966 2237 defendebat;
977 2180 1031 2226 add.
1042 2177 1147 2225 Oberlin.
1157 2179 1187 2225 ad

139 2243 235 2290 Vibium
246 2248 300 2311 Seq.
316 2266 340 2312 p.
354 2250 391 2311 93.
401 2254 425 2297 Si
437 2253 517 2298 Servio
529 2252 559 2298 ad
569 2252 594 2308 l,
607 2253 651 2299 550
663 2251 721 2299 fides
729 2251 852 2308 habenda,
864 2252 950 2298 Criniso
961 2251 1073 2314 Virgilius
1085 2250 1187 2296 scribere

140 2311 323 2364 meluitllerum
331 2336 417 2368 nomen
425 2334 459 2368 est
466 2316 569 2385 Κρίμησος
576 2319 614 2368 vel
622 2317 805 2385 Kprssurmrstloc
812 2323 905 2385 reposui
913 2319 1186 2367 assentienteBruuclrlo:

137 2386 164 2431 in
174 2392 297 2435 nominum
309 2407 437 2454 graecorum
448 2396 562 2456 scriptura
574 2393 687 2441 audiendi
699 2404 753 2440 sunt
765 2395 846 2440 Greci.
863 2396 943 2440 Troica
953 2391 1134 2453 norell-39.
1147 2407 1187 2456 qe-

140 2463 196 2506 muit
206 2461 279 2507 Goth.
291 2478 327 2524 pr.
338 2477 416 2508 verum
427 2475 472 2510 nott
483 2463 520 2510 ed.
531 2465 582 2510 Nic.
595 2463 684 2520 lirino,
696 2479 820 2526 operarum
831 2465 936 2511 vitto-
944 2461 982 2519 bo.
995 2464 1105 2509 Gruterus
1116 2461 1186 2508 Goth.

141 2546 184 2578 ter.
196 2533 279 2590 -41,
291 2536 340 2600 ets
356 2535 446 2598 aliquot
461 2537 522 2582 Pier.
534 2535 737 2601 festor-amieos
754 2539 780 2581 it.
797 2535 902 2581 Parthas.
919 2534 1009 2597 aliquot
1025 2550 1062 2596 ap.
1077 2533 1149 2579 eund.
1165 2545 1188 2579 et

141 2614 185 2649 tren
196 2605 294 2661 Burm,
305 2605 347 2652 sed
358 2605 437 2669 opibus
447 2610 525 2652 amois
536 2607 599 2653 houd
611 2608 683 2653 dubie
695 2606 824 2670 elegantior
830 2640 839 2663 ,
847 2607 954 2670 inprimis
965 2605 1118 2659 intermine,
1129 2601 1153 2650 h.
1165 2619 1186 2649 e.

141 2675 209 2734 gratie
225 2684 250 2721 et
263 2677 362 2737 optatio,
378 2688 404 2722 ut
417 2677 466 2737 jrrn
483 2677 573 2723 Pierius
584 2677 696 2740 pretulit.

142 2815 189 2866 pro
211 2798 320 2860 ἔνοπλοι,
340 2797 444 2852 inritet.
459 2821 531 2854 nuno
547 2801 640 2873 paullo
688 2803 822 2855 veteribus
841 2802 941 2870 fuisse,
963 2817 1040 2852 ursos
1059 2798 1087 2850 in
1104 2795 1188 2866 Libya

142 2876 251 2943 durius,
270 2892 393 2950 respectu
414 2892 503 2932 tamen
519 2882 640 2952 inprimis
688 2881 769 2953 gigni.
785 2882 841 2932 Nec
861 2878 932 2932 ultra
951 2875 1130 2931 laborandum
1148 2886 1189 2925 est

144 2956 175 3008 ad
187 2957 302 3010 alterum
323 2959 433 3026 habito,
456 2961 485 3012 in
496 2960 598 3034 jaculis
616 2972 642 3012 et
688 2973 783 3032 poetae.
795 2963 830 3013 cf.
841 2979 899 3031 sup.
909 2959 979 3026 adl,
995 2957 1045 3022 184
1052 2956 1085 3007 de
1094 2955 1187 3007 cervis.

144 3056 206 3090 ursoe
227 3037 352 3102 exuviis,
378 3039 400 3093 ἰν
426 3041 538 3096 intirim
558 3039 598 3091 uel
618 3039 640 3093 ir
689 3041 795 3101 Itanon
807 3039 963 3091 haerendum
972 3057 996 3088 v.
1006 3055 1029 3087 c.
1043 3036 1190 3106 siinHym·

144 3117 225 3186 ἱρωτου
236 3117 334 3190 tissimi
345 3116 539 3181 &draconetus
544 3118 642 3191 jaculis
689 3139 725 3171 no
753 3122 894 3171 Homerico
924 3121 952 3170 in
971 3117 1037 3168 Von.
1061 3114 1110 3186 159
1134 3116 1190 3166 ursi

142 3207 166 3248 et
173 3198 253 3270 pelle.
271 3201 377 3254 Seruius
397 3199 491 3253 laudat
508 3200 640 3261 Ennium
690 3220 751 3253 cum
762 3201 885 3254 leonibus
903 3202 931 3252 in
942 3200 1025 3268 Troja
1036 3215 1188 3249 memoran-

144 3275 260 3353 leoesquo
271 3292 419 3352 sequuntur
427 3279 455 3331 in
468 3278 563 3341 hastis,
575 3278 603 3330 b.
617 3299 639 3330 e.
690 3294 748 3344 tur;
762 3294 788 3334 et
799 3283 875 3333 fuere
894 3299 957 3333 sane
969 3281 997 3331 iu
1009 3280 1098 3330 vicina
1108 3276 1191 3350 Phry-

143 3355 248 3412 hastati.
265 3360 323 3412 Neo
335 3378 398 3412 vero
415 3359 566 3432 jungenda;
581 3359 641 3410 bor·
689 3361 734 3432 gia
744 3359 850 3425 leones,
860 3357 964 3432 Cybelae
980 3377 1087 3430 quoque
1100 3374 1191 3411 conse·

144 3437 213 3490 vidus
221 3437 357 3511 injoculis.
365 3437 472 3509 Species
481 3441 530 3491 riri
537 3438 640 3502 eadem,
690 3440 765 3491 erati.
777 3438 904 3491 Habitum
920 3451 1008 3490 autem
1020 3438 1189 3489 venatorium

145 3535 200 3588 quae
210 3518 342 3583 Camillae,
355 3521 417 3570 infr.
430 3520 480 3586 XI,
503 3518 562 3590 577.
579 3519 639 3589 578.
689 3519 717 3571 h.
729 3519 748 3571 l.
761 3519 926 3590 descriptum
937 3530 1011 3589 puta.
1023 3519 1057 3569 cf.
1068 3518 1117 3569 inf.
1128 3515 1188 3568 300.

143 3598 211 3668 pello
231 3599 389 3670 Libystidis,
410 3600 532 3673 Libycae,
558 3616 640 3659 urtoe5
690 3600 752 3654 301.

145 3680 216 3750 atqui
228 3679 383 3741 Pliniuslib.
394 3680 454 3732 Vlll
462 3679 511 3731 sub
522 3683 641 3745 f.‚ursos
726 3679 769 3750 39.
785 3678 814 3733 V
810 3689 910 3730 elerum
924 3687 1086 3750 parentum,
1103 3693 1191 3747 quan*

144 3757 273 3810 inAfrica
287 3777 344 3811 esse
357 3772 443 3830 negot.
457 3757 510 3811 Sed
521 3754 642 3811 insedere
691 3757 838 3830 doquidetn
868 3776 884 3809 a
909 3756 1033 3826 Trojauis
1061 3757 1190 3826 originem

145 3838 238 3890 multus
250 3850 336 3890 terras
347 3838 423 3903 ferae,
437 3858 495 3909 quae
507 3851 601 3909 postea
613 3840 641 3888 in
692 3838 816 3891 ducebat.
849 3836 904 3889 vitl.
933 3837 1041 3908 Excurs.
1072 3835 1091 3885 l.
1122 3851 1191 3905 gaza

145 3915 265 3978 iieloois
288 3915 435 3980 defecero3
459 3931 486 3969 ot
511 3916 641 3970 Herodoti
689 3919 800 3993 agresti,
814 3921 891 3990 epira
903 3938 964 3970 oum
975 3918 1104 3990 gravitate
1124 3913 1151 3964 h.
1165 3931 1189 3963 e.

147 3997 311 4070 aliorumque
355 3999 513 4051 auctoritate
554 3997 642 4052 Corda
690 4019 762 4071 penu
783 4001 939 4063 rusticano,
963 3995 1111 4066 explicatur
1140 4013 1191 4067 per

147 4079 257 4146 evincit,
278 4077 374 4134 saltem
398 4078 530 4134 creditum
549 4078 602 4132 hoo
626 4096 642 4133 a
691 4099 763 4151 opes;
778 4093 875 4133 ornant
887 4078 960 4130 letus
970 4090 995 4128 et
1002 4076 1092 4147 fessos.
1176 4072 1179 4079 '
