2670 4822
225 382 268 448 35
306 416 311 427 .
474 383 509 445 r.
533 381 767 447 vmornu
790 385 1026 454 unrocus

225 505 367 582 Emicat,
382 521 414 568 et
425 504 532 568 ventis
546 521 579 568 et
592 503 742 570 fulminis
755 506 848 571 ocior
858 506 928 572 alis.

225 614 408 676 Proxumus
420 609 513 703 huic,
526 609 627 697 longo
640 608 699 675 sed
712 634 892 698 proxumus
905 614 1093 695 intervallo,

225 720 415 809 Insequitur
425 718 547 797 Salius,
561 720 670 806 spatia
682 737 759 807 post
771 719 894 784 deinde
906 722 1022 787 relicto

224 826 358 890 Tertius
371 824 533 913 Euryalus
545 846 552 886 :

224 930 471 1020 Euryalumque
483 930 644 1018 Helymus
656 931 823 1019 sequitur;
837 954 904 1020 quo
918 931 1040 998 deinde
1053 932 1114 998 sub
1127 935 1201 1023 ipso

224 1040 310 1104 Ecce
322 1039 425 1116 volat,
440 1036 633 1125 calcemque
645 1038 722 1101 terit
729 1037 799 1126 jam
812 1039 900 1104 calce
913 1041 1045 1120 Diores,

223 1146 423 1211 incumbens
435 1143 594 1221 humero;
608 1144 712 1230 spatia
724 1160 757 1207 et
769 1145 797 1207 si
809 1144 904 1233 plura
917 1147 1098 1234 supersint,

221 1257 382 1319 Transeat
395 1251 526 1338 elapsus
538 1249 644 1336 prior,
659 1249 894 1338 ambiguumve
907 1253 1082 1342 relinquat.

1233 630 1281 677 320

1231 1161 1279 1210 325

253 1424 306 1471 320.
320 1421 370 1467 huic
381 1414 457 1483 ionqe,
474 1416 698 1463 sostrati-321.
711 1434 745 1481 sp.
763 1428 798 1464 est
812 1416 891 1466 deinde
907 1420 977 1467 Goth.
997 1434 1051 1468 tert.
1068 1421 1119 1468 inde
1137 1423 1186 1470 duo
1195 1424 1278 1471 Burm.

224 1525 256 1537 .-
271 1498 323 1543 322.
339 1495 412 1538 Deest
427 1489 600 1535 hemistichium
614 1489 684 1535 Goth.
704 1501 757 1537 tert.
770 1516 802 1528 -
815 1492 868 1538 323.
891 1492 1020 1552 Euryalum
1038 1498 1140 1559 sequitur
1162 1494 1278 1555 Helymus

220 1570 282 1624 Ere,
312 1580 361 1610 non
383 1558 451 1606 male.
472 1575 539 1623 quem
557 1560 661 1606 Parrhas.
685 1561 748 1624 quod
768 1561 856 1607 Medic.
873 1565 915 1626 qui
933 1575 987 1608 tert.
1006 1564 1116 1610 Rottcnd.
1134 1581 1147 1609 s
1170 1580 1202 1610 m.
1228 1580 1277 1613 aec,

219 1640 266 1688 Sed
278 1649 328 1695 est:
340 1630 382 1679 sul
393 1647 438 1695 quo
450 1633 497 1692 ipso
509 1629 570 1676 uolut
580 1630 604 1676 lt.
617 1648 638 1676 e.
652 1632 674 1677 ei
686 1630 805 1686 subvolat,
818 1648 872 1677 cum
890 1632 968 1687 subit,
984 1633 1096 1680 succedit.
1109 1659 1142 1670 -
1153 1634 1206 1692 324,
1224 1638 1277 1698 [psa

219 1712 282 1760 volut
293 1725 329 1771 ap.
341 1702 480 1750 Diomedem
490 1703 713 1748 Gemmas—325.
732 1701 830 1749 humere
840 1719 894 1765 pars
906 1704 976 1749 codd.
984 1739 991 1760 ,
1000 1704 1043 1750 sed
1055 1716 1078 1750 et
1093 1705 1217 1767 singularis
1230 1709 1277 1752 mi-

220 1799 265 1830 nus
279 1779 392 1840 vulgaris,
405 1786 429 1820 et
447 1772 515 1818 alteri
532 1787 621 1819 tantum
633 1773 733 1819 humero
745 1774 889 1820 imminebat.
901 1800 933 1810 -
943 1775 996 1821 326.
1006 1776 1181 1840 umbiquumque
1194 1778 1276 1824 Heius.

221 1865 338 1901 consensu
347 1846 461 1892 librorum
470 1846 571 1905 recepit,
582 1844 648 1906 quod
656 1856 678 1889 et
687 1859 741 1905 pars
750 1846 913 1890 Pierianorum
922 1844 1024 1892 habebat
1031 1865 1038 1902 ;
1045 1849 1104 1892 ratio
1114 1860 1193 1894 tamen
1203 1863 1230 1894 ac
1239 1861 1277 1893 res

220 1923 318 1985 respuit.
330 1919 401 1971 Nam,
411 1916 430 1961 si
440 1915 568 1960 transiisset
577 1917 679 1969 socium,
687 1930 724 1960 res
733 1930 782 1960 non
790 1916 897 1978 ambigna
908 1920 956 1980 jam
968 1917 1050 1963 fuisset
1058 1953 1065 1974 ,
1074 1930 1126 1964 uter
1133 1921 1198 1980 prior
1205 1930 1277 1965 esset,

218 1993 305 2038 Vcrius
314 1987 355 2034 alii
362 1985 418 2032 editi
432 1996 456 2029 et
465 1986 546 2046 scripti
555 2000 560 2029 ε
568 1984 740 2048 ambiquumve:
750 1984 847 2031 ductum
857 1987 920 2032 enim
932 1999 967 2032 est
979 2003 1007 2032 ex
1019 2004 1040 2032 r.
1050 1985 1094 2032 382
1102 1986 1169 2032 lliad.
1180 1985 1217 2049 l,
1231 1983 1279 2034 Kal

219 2058 246 2111 tri
255 2055 314 2107 triti
329 2052 479 2117 ruptim’t
494 2047 636 2116 ἀμφήριστον
647 2051 727 2100 ἔθηκα
744 2056 791 2113 (sc.
807 2051 892 2110 uisis,
909 2072 957 2101 non
968 2054 1088 2117 πρᾶγμα,
1103 2057 1168 2119 quod
1178 2055 1278 2119 vulgare

220 2144 291 2188 esset,
305 2140 328 2176 et
339 2125 432 2187 Virgilii
442 2127 572 2171 imitatione
581 2124 699 2171 refellitur
707 2143 714 2181 ;
723 2126 852 2191 ambryuum
864 2143 896 2174 sc.
909 2131 997 2174 socium
1011 2127 1158 2192 reliquisset).
1169 2130 1207 2174 Est
1215 2127 1277 2174 alter

222 2204 288 2250 locus
298 2197 378 2248 similis
389 2197 407 2242 1.
419 2214 440 2242 c.
452 2214 474 2243 v.
488 2197 539 2242 526.
554 2197 607 2260 527,
620 2197 654 2259 τῷ
669 2194 705 2245 aly
715 2214 755 2258 pq
770 2197 911 2263 ,aytym’y'
929 2197 978 2245 ,W
987 2195 1128 2261 ammo,
1139 2197 1217 2247 pm·
1228 2199 1276 2246 sed

219 2280 270 2340 ejus
279 2273 394 2320 sententia
404 2272 481 2315 minus
491 2269 665 2315 accommodata
678 2282 713 2316 est
722 2282 802 2315 nostro
813 2283 896 2332 poetae.
909 2270 1017 2335 relinquit
1027 2269 1118 2316 Zulich.

220 2422 277 2461 tum
303 2403 452 2474 Euryalus,
483 2403 545 2454 inde
576 2401 721 2473 Helymus,

219 2487 328 2541 tandem
351 2485 450 2536 Diores.
463 2514 498 2522 -
509 2484 570 2552 3ι9.
595 2481 723 2552 fulminis

219 2567 283 2627 alte,
299 2567 408 2637 poetica
429 2566 550 2615 ratione:
572 2575 612 2614 est
633 2575 723 2615 tamen

219 2649 301 2700 etiam
324 2646 352 2695 in
372 2645 460 2694 numis
484 2643 587 2694 fulmen
608 2641 719 2694 alatum.

217 2756 254 2767 -
264 2727 325 2778 320.
337 2724 472 2796 proximus
482 2721 563 2786 huic,
578 2719 626 2771 sed
640 2719 718 2792 lonyo

218 2804 358 2859 intervallo
376 2804 529 2875 proximus,
549 2815 676 2852 revocant
693 2803 720 2852 in

218 2890 337 2940 animum
359 2902 466 2937 versum
486 2884 591 2934 Horatii
616 2882 642 2946 l,
675 2900 719 2948 ra,

220 2969 261 3021 18.
296 2967 344 3017 ubi
376 2965 433 3015 Nec
469 2963 539 3035 viqet
576 2960 720 3033 quiequam

216 3045 304 3100 simile
313 3042 404 3114 (lovi)
414 3052 462 3092 aut
472 3039 721 3110 secundumpmri·

216 3145 271 3177 mos
293 3123 336 3174 iiii
357 3133 444 3173 tamen
468 3120 608 3192 occupavit
629 3118 720 3172 Pallas

217 3199 719 3265 bonores.lbiPallasnonestsecunda,

217 3284 265 3337 sed
281 3284 416 3353 proxima;
438 3292 464 3332 at
483 3283 511 3331 in
523 3293 615 3331 nostro
633 3279 718 3331 Salius

216 3376 257 3417 est
268 3362 394 3415 secundus
411 3371 437 3412 et
448 3361 593 3431 proximus.
614 3359 720 3411 Scilicet

772 2423 852 2456 cursu
878 2418 966 2476 aequat
989 2406 1142 2477 Helymum,
1166 2417 1196 2455 ut
1219 2423 1275 2456 uno

772 2498 875 2536 tantum
893 2486 937 2538 ille
954 2504 1035 2557 passu
1056 2498 1205 2557 praevertat.
1219 2487 1275 2536 lta-

774 2585 825 2636 que
835 2568 929 2619 Diores
942 2568 980 2618 sic
988 2569 1082 2631 instat,
1095 2579 1126 2617 ut
1137 2567 1275 2618 immineat

771 2648 828 2714 ejus
840 2644 957 2697 humeris
977 2658 1003 2696 et
1021 2648 1132 2717 vestigia
1152 2659 1275 2716 premat,

770 2723 854 2777 altero
878 2724 947 2794 pede
975 2718 1107 2777 anteriore
1136 2743 1274 2796 occupans

770 2805 826 2872 ejus
836 2803 932 2873 pedem
942 2805 1100 2856 citeriorem.
1117 2805 1158 2855 lta
1170 2804 1205 2856 ad
1214 2823 1275 2858 ver·

769 2883 834 2934 bum
846 2883 947 2934 calcem
957 2884 1030 2935 calce
1039 2885 1144 2953 premit.
1154 2883 1209 2935 Etsi
1221 2903 1273 2938 nec

769 2963 822 3015 hoc
835 2981 951 3025 necesse.
967 2963 1012 3014 Est
1029 2965 1099 3014 enim
1116 2961 1218 3015 dictum
1231 2983 1275 3016 ex·

770 3044 893 3114 quisitius
906 3061 970 3113 pro,
984 3043 1077 3114 pedem
1090 3043 1164 3113 pede.
1184 3042 1274 3097 Aliem

769 3124 900 3174 rationem
912 3125 1000 3174 Burm.
1011 3124 1147 3192 sequitur,
1158 3122 1205 3174 sed
1218 3124 1275 3175 val·

769 3202 802 3255 de
813 3201 916 3254 duram.
927 3202 1135 3273 Argutaturlos.
1143 3201 1272 3274 Scaliger.

769 3281 829 3334 325.
853 3283 913 3333 326.
934 3295 973 3346 et,
995 3282 1017 3332 si
1042 3281 1103 3351 plus
1127 3283 1207 3352 spatii
1229 3301 1275 3334 su-

768 3374 901 3432 peresset,
914 3381 964 3412 nec
977 3360 1103 3412 curriculi
1115 3374 1190 3414 metae
1200 3364 1274 3430 jam·

215 3443 343 3495 secundus
359 3440 394 3494 ad
415 3459 568 3506 munerum,
583 3439 720 3510 proximus
765 3442 821 3509 jam
841 3439 1104 3511 adpropinquarent,
1127 3453 1174 3492 aut
1196 3441 1273 3493 illum

217 3523 253 3574 ad
264 3523 354 3575 locum
366 3540 437 3572 nunc
452 3531 563 3591 spectat.
575 3520 609 3569 At
623 3521 650 3569 in
663 3520 719 3568 Ho-

216 3594 285 3655 ratio
300 3601 436 3673 proximus
453 3598 561 3669 quidem
580 3598 660 3648 etiam
679 3610 719 3648 est

215 3683 290 3748 loco,
303 3694 329 3733 at
340 3678 467 3733 secundus
477 3690 517 3729 est
526 3678 624 3728 virtute
635 3689 661 3729 et
671 3695 719 3747 po-

215 3765 299 3816 tentia
306 3799 314 3827 ,
322 3780 371 3812 nec
383 3757 466 3809 multo
474 3758 595 3822 inferior,
604 3756 652 3808 sed
661 3758 717 3808 fere

215 3859 364 3915 exaequans.
371 3841 421 3889 Pro
430 3836 552 3906 exemplo
564 3856 650 3907 nuper
660 3854 717 3888 esse

214 3933 361 3997 potuerunt
373 3915 502 3969 Consules
515 3915 671 3967 Galliarum.

250 4001 311 4068 324.
329 3997 390 4052 325.
409 3996 539 4065 Expressa
549 4015 580 4047 ex
592 3994 668 4047 lliad.
683 3995 717 4061 l,

215 4079 275 4159 354,
295 4076 361 4151 765,
383 4094 417 4128 ne
441 4073 544 4128 dubita.
563 4075 665 4147 Diores,
679 4077 718 4128 ita

769 3538 848 3572 cursu
878 3522 1069 3590 praevertisset,
1099 3533 1146 3572 aut
1176 3522 1273 3573 saltem

767 3611 906 3671 aequasset.
925 3602 982 3652 Hoc
1002 3614 1041 3652 est
1056 3600 1213 3672 ambiyuum
1235 3619 1275 3666 ref

767 3677 875 3751 linquat
884 3699 947 3732 eum
962 3679 988 3732 h.
1002 3700 1025 3732 e.
1043 3680 1220 3752 ambigentem
1237 3681 1272 3734 ds

767 3776 860 3810 cursus
881 3759 984 3831 palma,
1007 3773 1036 3811 ut
1062 3779 1123 3811 curn
1145 3760 1271 3812 Turnebo

767 3835 868 3904 Cerda,
889 3839 948 3904 vel,
970 3839 1004 3892 de
1029 3858 1082 3910 quo
1105 3839 1272 3910 ambigerent

768 3916 826 3980 alii,
858 3917 891 3969 tle
920 3937 974 3989 quo
1004 3920 1158 3990 ambiguum
1187 3932 1270 3984 esset,

767 4008 857 4046 utrum
866 3999 1008 4051 victoriam
1023 3999 1181 4054 obtenturus
1191 4011 1270 4052 esset.

767 4079 839 4130 conf.
850 4080 912 4131 Ver.
926 4080 998 4134 Lect.
