2670 4822
145 409 183 456 η
389 389 424 452 r.
447 384 679 451 vinorum
700 387 935 468 Minonis

141 507 373 600 Nequidquam
386 509 527 588 cineres,
539 510 725 598 animaeque
737 510 930 600 umbraeque
942 528 1098 600 paternae.
1181 558 1186 563 -

141 617 216 679 Non
228 615 320 681 licuit
332 616 406 681 finis
420 616 534 695 Italos,
547 616 724 705 fataliaque
736 640 827 698 arra,

140 723 209 792 Nec
220 738 329 788 tecum
339 723 533 801 Ausonium,
543 723 746 811 quicumque
758 739 817 800 est,
827 745 975 811 quaerere
985 721 1158 814 Thybrim.
1170 751 1185 781 >r

185 829 318 893 Dixerat
328 828 416 894 haec:
429 828 534 918 adytis
547 852 651 917 quum
663 827 810 894 lubricus
822 830 938 917 anguis
951 830 992 894 ab
1004 831 1079 896 imis

140 935 272 1023 Septem
286 935 402 1023 ingens
415 956 526 1024 gyros,
541 950 678 1022 septena
689 934 873 1015 volumina,
884 936 997 1016 traxit,
1158 945 1188 994 85

139 1043 318 1130 Amplexus
330 1041 460 1130 placide
472 1042 653 1123 tumulum,
668 1043 846 1132 lapsusque
856 1067 920 1132 per
929 1066 1019 1125 aras,

118 1201 119 1206 ,
140 1149 297 1214 Caeruleae
310 1149 365 1214 cui
376 1166 468 1237 terga
479 1164 566 1213 notae
579 1148 766 1213 maculosus
780 1166 813 1213 et
824 1171 906 1214 auro

137 1256 314 1346 Squamam
327 1255 525 1322 incendebat
536 1257 663 1346 fulgor:
676 1280 740 1322 ceu
752 1257 896 1323 nubibus
908 1277 1003 1323 arcus

169 1440 207 1488 81.
221 1441 350 1506 umdroeque
357 1453 449 1507 penates
458 1445 550 1507 Menaq.
560 1469 592 1480 -
601 1443 639 1491 83.
651 1454 686 1490 est
697 1445 762 1492 deest
773 1446 836 1493 binis
846 1446 950 1503 Heinsii,
962 1444 1005 1508 qui
1016 1444 1081 1507 conj.
1093 1441 1189 1510 quicun-

138 1527 183 1577 que
194 1515 226 1568 is,
239 1530 263 1577 q.
274 1538 306 1551 -
317 1513 354 1570 84.
366 1514 406 1562 hoc
418 1517 485 1561 Witt.
498 1541 531 1552 ·-·
541 1515 579 1562 88.
593 1517 705 1579 Squamea
716 1518 793 1578 Sprot.

140 1681 229 1732 anima
244 1692 271 1732 et
288 1681 396 1745 umbra;
414 1703 449 1736 ne
470 1682 572 1735 dubita.
591 1682 640 1736 sed

140 1778 174 1823 an
192 1759 262 1812 banc
279 1777 417 1833 receperat
432 1765 547 1816 AEneas?
557 1764 640 1834 Atqui

65 1861 69 1874 ¹
140 1839 229 1891 anima
239 1852 265 1891 et
278 1841 370 1893 Manes
389 1844 417 1893 in
432 1844 538 1908 inferis,
551 1862 576 1894 v.
590 1844 638 1894 inf.

139 1918 182 1988 98.
194 1935 236 1989 99.
250 1917 355 1972 Scilicet
364 1923 473 1993 proprie
482 1922 641 1993 patriscine·

141 2015 178 2048 res
193 2011 343 2068 receperat;
364 2003 421 2069 jam
438 2000 509 2053 idem
527 2001 571 2052 ille
587 2020 640 2072 pa·

117 2144 122 2150 ι
140 2073 205 2126 trem
226 2080 347 2149 recepisse
364 2080 432 2132 bene
456 2079 566 2142 dicitur;
586 2080 639 2132 hoc

140 2170 228 2210 autem
255 2159 326 2232 idem
349 2175 430 2232 poeta
452 2181 501 2233 per
526 2162 638 2229 cineres,

139 2237 258 2287 animam
285 2249 314 2290 et
333 2242 454 2292 umbram
482 2239 639 2294 declaravit.

139 2315 196 2368 Nec
208 2330 297 2370 tamen
313 2319 365 2371 hoc
381 2339 503 2383 necesse;
521 2322 568 2375 sed
587 2322 640 2373 dis·

140 2396 246 2466 tingue:
259 2396 354 2451 salvete
367 2402 463 2472 recepti
474 2402 510 2453 N.
524 2402 639 2462 cineres,·

140 2475 239 2528 salvete
260 2479 408 2552 animmque
425 2499 450 2531 u.
468 2500 496 2551 p.
517 2482 574 2532 Hoc
592 2500 641 2532 vo-

139 2555 219 2609 luisse
231 2557 337 2610 videtur
348 2561 477 2631 Pompon.
495 2559 556 2612 Sab.
576 2561 641 2614 acsi

140 2635 251 2701 diceret,
262 2636 357 2690 salvete
368 2658 383 2693 ο
395 2641 489 2692 Manes
496 2641 611 2712 paterni.

176 2717 210 2783 84
226 2735 284 2789 sqq.
307 2719 471 2792 Comparant
486 2733 640 2791 portentum

140 2796 225 2849 simile
236 2817 278 2869 ap.
292 2801 399 2852 Homer.
410 2800 485 2853 lliad.
497 2802 527 2862 β,
537 2801 587 2853 308
598 2819 638 2871 sq.

140 2876 257 2930 dracone
268 2881 295 2931 in
304 2881 400 2933 Aulide
407 2881 505 2932 Graecis
516 2881 638 2949 objecto:

140 2956 213 3026 quod
226 2978 357 3012 annorum
366 2979 506 3012 numerum
516 2960 641 3012 obsiden-

139 3037 179 3088 dae
191 3038 276 3109 Trojae
288 3041 474 3110 portendebat.
488 3038 548 3091 Alio
558 3039 640 3090 modo

139 3131 166 3170 et
184 3120 311 3190 praeclare
324 3121 397 3173 adh.
415 3122 433 3173 l.
451 3119 641 3173 accommoda-

139 3209 196 3248 tum
206 3210 245 3249 est
258 3212 413 3268 portentum
425 3201 555 3271 serpentis
568 3219 583 3252 e
596 3213 640 3251 tu-

96 3286 103 3299 ‘
138 3275 212 3327 mulo
222 3276 344 3329 Anchisae
354 3281 423 3330 inter
435 3281 544 3332 inferias
554 3280 639 3332 factas

137 3355 303 3427 prodeuntis.
317 3357 415 3410 Genios
426 3360 496 3410 enim
504 3361 558 3410 sive
566 3359 641 3410 loco·

139 3455 198 3489 rum
210 3438 264 3488 sive
280 3436 437 3502 hominum,
450 3450 507 3489 tota
523 3440 641 3509 antiqui-

139 3530 194 3582 tas,
207 3517 328 3586 inprimis
341 3517 446 3567 Etrusci
466 3529 493 3567 et
510 3518 638 3582 Romani,

138 3616 188 3669 per
209 3610 345 3666 serpentes
369 3595 563 3656 exbibuerunt3
584 3614 640 3647 non

138 3697 209 3742 una,
232 3691 314 3749 puto,
339 3680 372 3730 de
395 3695 497 3749 caussa.
521 3677 640 3729 Plurium

140 3762 211 3812 enim
236 3778 325 3811 rerum
348 3758 497 3830 symbolum
520 3776 552 3810 ac
575 3771 640 3810 nota

139 3841 244 3893 habitus
264 3852 303 3891 est
328 3855 456 3909 serpens,
473 3857 499 3888 v.
519 3857 542 3891 c.
564 3851 594 3890 ut
613 3837 640 3891 cl

114 3956 118 3965 -
140 3918 259 3990 ἐγχώριον,
283 3920 369 3971 solum
390 3920 520 3989 patrium,
543 3921 639 3985 vitam,

140 4004 271 4073 salutem,
289 4001 513 4066 incolumitatem,
532 4003 641 4052 immor-

140 4082 271 4137 talitatem
288 4095 338 4137 etc.
355 4083 487 4136 innueret.
498 4083 640 4156 Perperam

688 1684 760 1737 Serv.
775 1683 867 1737 Cerda
883 1683 967 1737 etalii
980 1681 1014 1734 de
1025 1689 1151 1751 serpente
1162 1675 1189 1730 b.
1214 1738 1216 1741 ι

688 1765 706 1816 l.
725 1778 807 1838 agunt
830 1784 863 1818 ex
883 1767 931 1831 iis,
952 1782 1010 1836 quae
1028 1781 1054 1813 r.
1075 1781 1098 1814 c.
1120 1756 1191 1830 apud

688 1844 767 1897 Ovid.
778 1845 826 1895 XV
838 1845 902 1897 Met.
914 1841 974 1913 389.
986 1840 1038 1912 390
1048 1841 1189 1912 leguntur:

688 1925 736 1977 ubi
749 1946 763 1979 e
781 1925 904 1977 medullis
918 1923 1079 1976 cadaverum
1092 1935 1190 1991 angues

689 2006 763 2059 nasei
776 2003 871 2057 crediti
889 2018 959 2056 sunt.
979 2004 1074 2072 ltaque
1094 1999 1159 2053 eth.
1172 1997 1190 2048 l.

688 2105 751 2139 mox
763 2084 798 2138 ad
814 2084 928 2136 Genium
939 2100 987 2135 seu
1004 2081 1057 2132 loci
1072 2098 1120 2131 seu
1137 2078 1192 2129 An-

689 2165 768 2218 chisae
798 2175 933 2214 ostentum
959 2161 1074 2213 refertur
1096 2177 1123 2209 v.
1148 2155 1190 2226 95.

689 2245 790 2316 adytis‚·
805 2241 950 2314 splendide
965 2251 1043 2292 ornat
1055 2240 1141 2310 patris
1154 2250 1193 2289 tu-

689 2324 804 2389 mulum,
822 2335 952 2393 tanquam
974 2321 1064 2371 locum
1086 2336 1191 2370 sacrum

689 2422 720 2455 ac
733 2403 876 2473 templum,
896 2418 958 2451 mox
979 2401 1059 2451 etiam
1079 2402 1091 2467 (
1106 2399 1155 2449 inf.
1167 2411 1204 2448 v:

690 2482 748 2553 760.
764 2482 810 2550 761
824 2481 834 2552 )
848 2481 904 2532 fani
914 2480 1042 2551 religione
1051 2495 1192 2531 consecra·

689 2574 754 2612 tum.
778 2560 929 2632 amplexus,
944 2560 1030 2631 *gyris
1061 2557 1190 2610 ambiens.

688 2650 783 2710 septem
790 2659 878 2713 pyros,
887 2639 1005 2691 Servius:
1015 2638 1108 2688 AEneoe
1116 2653 1192 2688 omen

687 2719 731 2770 sui
743 2720 836 2771 erroris
850 2718 1096 2787 ostenditurseptem
1105 2715 1191 2787 qyri55

689 2817 753 2849 nam
761 2800 887 2871 septimus
899 2799 925 2850 ei
939 2815 1025 2849 annus
1036 2793 1147 2867 estfinis
1158 2813 1194 2845 er·

687 2879 767 2940 coris;
781 2877 869 2948 etest(
882 2877 958 2930 addit
967 2877 1026 2938 ille;
1036 2894 1094 2947 quae
1102 2888 1192 2928 tamen

689 2972 815 3029 praestare
827 2959 910 3010 nolim
922 2970 1031 3028 poetam
1044 2956 1135 3007 animo
1153 2967 1192 3006 te-

689 3040 799 3111 nuisse)
812 3040 942 3111 optimum
947 3035 1122 3109 fipmerstum.
1136 3036 1192 3087 An·

689 3138 738 3171 nus
752 3120 824 3171 enim
836 3117 978 3172 secundum
992 3117 1134 3188 AEqyptios
1154 3116 1193 3166 in-

689 3198 893 3253 dicabaturante
903 3197 1021 3247 inventas
1027 3194 1116 3247 literas
1121 3195 1193 3266 picto

689 3278 801 3331 dracone
808 3316 817 3344 ‚
831 3277 942 3328 caudam
954 3293 1027 3327 suam
1038 3274 1192 3337 moderate,

688 3377 747 3430 quoe
760 3360 788 3409 in
797 3377 822 3411 se
835 3356 954 3409 recurrit.
972 3353 1025 3406 Sed
1036 3366 1062 3406 et
1072 3366 1196 3425 septena·

688 3440 744 3489 rius
766 3455 892 3490 numerus
912 3449 1042 3506 tanquam
1061 3436 1150 3504 impar
1168 3445 1195 3486 et

688 3538 764 3572 sacer
786 3520 853 3590 poni
879 3519 975 3589 potuit.
989 3542 1025 3553 —
1037 3514 1080 3568 86.
1095 3512 1195 3586 dapsus'

686 3618 735 3672 per
747 3618 814 3651 aras.
833 3598 907 3650 Nihil
920 3610 1000 3649 antea
1011 3594 1044 3647 de
1058 3613 1105 3646 ara
1118 3594 1193 3646 dixe-

688 3693 745 3732 rat:
760 3679 805 3735 sed
818 3699 877 3732 eam
886 3679 988 3730 inferiis
997 3674 1134 3749 faciendis
1147 3693 1193 3727 ex·

689 3773 790 3812 struere
801 3758 921 3810 sollenne
937 3768 1009 3810 erat:
1026 3773 1052 3806 v.
1068 3773 1128 3825 sup.
1142 3753 1192 3817 111,

689 3841 722 3894 62
745 3859 784 3912 sq.
797 3870 832 3879 —
845 3841 887 3909 87.
906 3838 948 3892 88.
969 3836 1014 3888 cui
1033 3845 1105 3907 terya
1126 3843 1193 3886 note

690 3920 828 3991 eaeruleoe(
843 3919 1004 3992 pingebant,
1026 3916 1141 3969 adsume
1161 3931 1193 3967 ex

690 4021 764 4073 sequ.
782 3998 994 4070 incendebat)et
1003 4014 1142 4069 squamam
1153 3995 1197 4046 in«

691 4081 816 4138 candebat
828 4077 926 4154 sulpur
943 4074 1092 4133 maculosus
1106 4093 1193 4140 auro,
