2670 4822
232 409 251 453 2
481 383 515 444 P.
540 380 1029 447 vluG1L11Mtu0N1s·

231 528 344 583 nurus,
364 508 396 565 in
411 517 498 565 tanta
513 505 679 564 securitate
694 525 806 563 somno
821 502 1044 581 succumbens,
1059 527 1122 565 una
1138 527 1209 567 cum
1224 529 1280 589 gu-

230 592 400 656 bernaculo
413 594 444 652 in
458 613 543 652 mare
555 594 727 668 excutitur3
742 592 871 674 ejusque
884 595 984 654 vicem
995 593 1120 676 supplet
1132 596 1252 656 AEneas.

266 796 318 847 Pro
340 794 462 868 episodio
489 794 642 848 habendam
673 814 729 848 esse

230 879 358 945 majorem
374 875 436 927 libri
448 887 551 945 partem
558 913 566 940 ,
580 878 731 947 negarine·

231 957 307 1026 quit,
329 974 379 1007 nec
403 967 493 1006 tamen
514 953 549 1005 ab
573 966 730 1025 argumento

230 1038 307 1106 epico
322 1035 389 1087 illud
401 1031 563 1103 sejunctum,
581 1047 620 1098 et,
643 1052 701 1104 quae
714 1053 731 1085 a

229 1115 539 1185 utultisfrequentataest
547 1112 729 1183 reprehensio,

229 1195 348 1248 alienum
368 1192 530 1247 habendum.
551 1193 638 1245 Primo
659 1191 729 1245 libro

229 1278 280 1327 iter
292 1292 324 1326 ex
336 1272 426 1324 Sicilia
438 1273 466 1322 in
486 1269 592 1322 ltaliam
613 1264 731 1322 facieb'at

229 1356 341 1414 AEneas3
365 1353 478 1420 rejectus
500 1369 516 1401 a
532 1366 612 1401 cursu
633 1367 681 1401 suo
702 1351 731 1400 iu

228 1433 348 1484 Africam
365 1449 436 1480 nunc
453 1429 565 1481 eandem
582 1430 732 1500 navigatio·

229 1532 291 1565 nem
303 1512 415 1580 repetit,
429 1523 455 1561 et
473 1512 583 1579 jamjam
597 1508 631 1560 ad
649 1509 730 1561 ltaliae

228 1594 310 1646 litora
323 1591 500 1663 appulsurum
518 1611 578 1642 eum
596 1609 653 1642 esse
670 1610 732 1661 spe·

229 1672 317 1725 rubas.
342 1672 410 1722 Ecce
431 1671 480 1723 tibi
502 1689 573 1721 nova
593 1671 632 1721 rei
656 1688 731 1723 mora

230 1754 360 1822 injicitur!
374 1752 470 1803 iterum
490 1751 576 1802 uentis
590 1751 730 1803 contrariis

231 1852 247 1885 a
263 1850 343 1885 cursu
357 1831 484 1902 depulsus
498 1831 526 1881 in
547 1828 663 1882 Siciliam
684 1829 732 1882 de-

229 1914 324 1967 fertur.
345 1914 433 1979 Multa
453 1913 562 1965 omuino
586 1911 613 1961 in
641 1909 731 1963 Sicilia

230 2005 306 2051 erant
317 1993 495 2061 Trojanorum
508 2003 534 2042 et
545 1991 633 2043 AEucae
650 1992 731 2042 vesti-

229 2074 289 2144 gia,
298 2083 327 2122 ut
338 2073 366 2123 in
377 2073 496 2125 Excursu
505 2071 643 2120 monitum.
657 2069 731 2120 Clas·

230 2156 265 2206 sis
279 2174 296 2207 a
306 2153 429 2221 Trojanis
441 2149 597 2207 mulieribus
610 2151 729 2215 incensa,

228 2233 323 2285 fabula
355 2242 413 2283 erat
440 2230 543 2301 vulgari
575 2231 730 2281 narratione

230 2315 301 2364 trita.
315 2313 376 2362 Non
386 2312 467 2382 igitur
477 2310 561 2360 otiose
571 2308 692 2361 desidere
702 2311 730 2360 iu

229 2392 320 2444 Sicilia
329 2402 435 2461 poterat
445 2389 554 2453 AEneas,
563 2407 612 2440 nac
620 2390 730 2440 incensa

230 2473 322 2526 classis
350 2471 492 2523 memorari
515 2470 567 2522 nisi
594 2469 730 2540 probabili

230 2552 323 2622 aliqua
344 2551 378 2604 de
399 2553 512 2605 ratione.
533 2550 626 2620 ltaque
647 2562 730 2619 poeta

229 2631 357 2702 praeclare
365 2649 459 2684 eorem
464 2628 587 2694 adducit,
598 2630 728 2680 utAEneas

229 2714 301 2783 patri
313 2712 422 2763 inferias
444 2711 539 2773 faciat,
553 2708 631 2759 ludos
650 2709 730 2761 fune·

230 2793 293 2845 bres
305 2792 440 2857 instituat,
450 2788 534 2841 classe
547 2790 656 2839 incensa
665 2804 730 2857 par-

229 2884 285 2931 tem
298 2872 425 2922 comitum
442 2868 562 2939 deponat
582 2869 611 2917 in
628 2865 730 2929 insula,

230 2962 257 3002 et
266 2950 332 3001 urbe
342 2968 414 3000 nova
425 2947 534 3001 condita
546 2964 606 2996 cum
620 2944 729 3015 reliquis

231 3029 360 3082 discedat.
374 3029 497 3101 Agnosce
515 3038 601 3096 poetae
614 3025 668 3076 sive
688 3027 731 3075 iu·

230 3112 352 3183 genium,
369 3111 424 3161 sive
433 3107 565 3178 judicium
582 3117 608 3157 et
620 3107 648 3155 in
659 3104 729 3158 hoc:

230 3191 296 3243 dum
309 3190 435 3243 ludorum
451 3188 581 3239 festivitas
594 3187 665 3237 viros
682 3186 731 3238 de-

230 3273 310 3336 tinet,
318 3273 426 3322 narium
435 3265 662 3320 incendendarum
668 3278 733 3319 tem-

230 3368 281 3421 pus
294 3369 325 3402 ac
337 3349 466 3413 facultas,
481 3365 538 3416 quae
552 3345 618 3399 alias
630 3347 673 3398 vix
685 3365 732 3398 oo-

231 3448 337 3483 currere
365 3437 487 3498 poterat,
518 3425 647 3490 feminis,
672 3444 730 3495 quae

231 3509 293 3561 solae
301 3507 399 3559 relicta
407 3517 483 3570 sunt,
491 3503 555 3555 data
563 3515 609 3555 est.
621 3503 731 3557 AEneam

232 3602 321 3641 autem
335 3606 417 3658 quum
428 3586 528 3656 pietate
537 3596 591 3641 tam
600 3585 731 3654 insignem

231 3685 288 3720 esse
300 3666 364 3719 velit
380 3677 474 3737 poeta,
489 3661 555 3735 quid
570 3663 654 3733 magis
667 3680 733 3713 con-

230 3760 404 3809 sentaneum,
418 3761 498 3814 quam
508 3754 537 3792 ut
545 3743 566 3791 is
579 3743 663 3811 patris
675 3743 733 3793 Ma·

230 3823 575 3879 nibussacrascaerimonias
580 3818 732 3891 persolvat?

230 3908 261 3958 ln
280 3904 407 3957 ludorum
437 3900 635 3975 descriptione,
658 3903 732 3973 quod

231 4004 320 4039 rerum
332 4000 415 4056 genus
432 3983 541 4033 omniuo
561 3982 672 4034 multum
686 4002 731 4034 or-

232 4079 312 4118 natus
325 4065 454 4128 admittit,
466 4063 547 4117 facile
558 4077 599 4119 est
609 4063 644 4120 ad
656 4065 732 4122 iutel-

778 795 940 868 ligandum,
967 798 1097 866 majorem
1124 794 1279 860 veteribus,

779 876 875 946 quibus
884 890 965 948 poeta
973 895 1049 929 suum
1058 893 1122 946 epos
1133 873 1278 946 pangebat,

779 959 1041 1029 suavitatem,quam
1050 952 1278 1006 nuncnobisinde

778 1037 920 1104 provenire
929 1047 1030 1106 potest,
1040 1035 1121 1085 fuisse
1135 1033 1278 1102 objectam.

778 1115 902 1186 Inprimis
916 1134 980 1167 vero
991 1115 1070 1166 ludus
1082 1114 1168 1182 Trojae
1180 1114 1280 1163 Roma-

779 1213 828 1247 nos
838 1195 951 1248 lectores
961 1194 1094 1248 delectare
1104 1191 1207 1249 debuit.
1219 1190 1280 1243 Atia

779 1273 857 1343 hujus
871 1274 1057 1345 descriptionis
1076 1272 1208 1336 suavitas,
1221 1287 1279 1340 quae

779 1367 869 1406 tamen
884 1357 964 1406 etiam
975 1354 1053 1405 nobis
1066 1365 1161 1424 parata
1178 1363 1204 1404 et
1217 1368 1280 1420 cog-

779 1436 838 1485 nitu
849 1434 935 1485 facilis
950 1445 1003 1498 est,
1021 1451 1053 1484 ex
1064 1432 1207 1483 Homerica
1218 1431 1280 1481 imi·

780 1516 881 1566 tatione
894 1512 1089 1584 proficiscitur,
1107 1512 1153 1581 qui
1170 1509 1281 1576 tuadi

779 1593 894 1646 Patrocli
913 1593 993 1643 funus
1007 1605 1032 1644 et
1049 1591 1128 1642 ludos
1142 1590 1221 1642 simili
1233 1609 1280 1642 co-

779 1676 826 1745 pia
847 1670 1003 1743 ‘descripsit
1041 1673 1159 1724 Tantum
1191 1683 1281 1722 autem

780 1754 870 1821 abest,
882 1766 912 1805 ut
927 1753 1069 1817 Romanis,
1091 1751 1204 1821 quibus,
1225 1768 1281 1803 non

779 1834 872 1900 nobis,
883 1834 1018 1886 scribebat
1032 1845 1123 1904 poeta,
1133 1845 1178 1884 aut
1188 1832 1282 1883 infrin-

779 1934 841 1986 gere
852 1913 1072 1976 delectationem,
1089 1925 1135 1967 aut
1154 1911 1280 1966 carminis

780 1993 936 2065 dignitatem
948 1990 1053 2042 elevare
1065 1991 1202 2042 videretur
1220 1989 1281 2040 talis

779 2073 906 2135 imitatio,
932 2083 962 2121 ut
985 2071 1090 2140 potius,
1112 2070 1220 2141 ingenio
1250 2088 1281 2121 ac

779 2170 858 2207 sensu
870 2150 978 2202 illorum
991 2163 1142 2220 temporum
1156 2160 1183 2199 et
1195 2147 1283 2199 homi·

779 2250 857 2295 uum,
876 2230 905 2282 id
924 2229 998 2300 quod
1018 2242 1090 2281 totus
1106 2228 1234 2300 Virgilius
1256 2242 1281 2280 et

779 2311 904 2362 Horatius
914 2310 1027 2374 docent,
1037 2309 1104 2361 nihil
1112 2307 1283 2379 magnificen-

779 2392 831 2442 tius
842 2409 873 2443 ac
884 2390 1050 2462 splendidius
1061 2391 1142 2441 fuerit
1157 2388 1245 2441 visum
1254 2391 1283 2440 in

779 2484 874 2540 poeta,
890 2489 970 2541 quam
982 2473 1004 2522 si
1016 2470 1168 2523 Graecorum
1188 2482 1283 2538 poeta·

779 2568 838 2605 rum
850 2548 911 2603 loca
929 2562 955 2603 et
974 2552 1082 2602 inventa
1101 2549 1242 2602 commode
1255 2562 1282 2600 et

780 2631 917 2701 ingeniose
934 2632 962 2682 in
981 2648 1031 2684 sua
1049 2631 1170 2682 carmina
1194 2641 1282 2685 traus-

778 2711 871 2763 ferret.

814 2788 866 2842 sad
879 2802 908 2841 ut
921 2789 1092 2841 delectationi
1108 2789 1136 2839 in
1148 2787 1200 2839 hoc
1210 2788 1281 2840 libro

778 2887 828 2939 per
865 2871 1041 2922 certaminum
1072 2866 1282 2938 descriptionem

779 2961 920 3021 tantopere
929 2948 1061 3011 studeret,
1074 2958 1182 3018 poetam
1194 2965 1283 2999 move-

781 3047 809 3080 re
823 3030 903 3080 etiam
915 3029 1003 3100 potuit
1016 3028 1165 3098 argumenti
1183 3027 1282 3078 sterili·

780 3120 835 3172 tas,
844 3110 871 3158 iu
878 3127 909 3160 ea
919 3120 1008 3160 tamon
1018 3108 1180 3160 narrationis
1192 3119 1281 3177 parte,

781 3208 835 3260 qua
845 3189 879 3240 ad
892 3191 991 3241 exitum
1002 3189 1147 3240 festinabat
1159 3187 1219 3253 illa,
1230 3187 1283 3240 hoo

781 3281 835 3335 est,
848 3269 883 3325 ad
894 3269 998 3325 ltaliam
1011 3268 1176 3338 procedebat
1186 3270 1282 3338 Troja-

780 3368 877 3403 norum
887 3348 986 3400 classis.
1000 3347 1136 3399 iudicium
1148 3360 1236 3418 poete
1254 3351 1282 3401 iu

779 3427 832 3480 hoc
854 3446 960 3499 quoque
982 3429 1091 3499 agnovit
1116 3428 1282 3500 Segraisius,

781 3507 855 3578 quod
866 3508 1027 3580 gravissimis
1041 3509 1204 3575 affectibus,
1222 3509 1283 3580 qui-

779 3586 831 3641 bus
846 3588 915 3638 libro
932 3600 1028 3659 quarto
1045 3588 1158 3661 legentis
1178 3589 1282 3639 animus

781 3664 949 3739 agitabatur,
962 3687 1033 3719 nunc
1042 3667 1161 3723 succedit
1169 3667 1283 3725 hilarior

780 3767 869 3799 rerum
878 3748 979 3813 facies,
996 3748 1123 3800 ludorum
1135 3750 1281 3812 festivitas,

781 3828 955 3879 certaminum
977 3840 1086 3880 eventus
1107 3847 1138 3880 ac
1155 3830 1282 3899 praemio-

780 3927 839 3959 rum
850 3922 974 3960 varietas.

815 3989 851 4038 Ut
871 4000 961 4040 autem
981 3989 1010 4038 in
1026 3987 1152 4040 ludorum
1170 3989 1281 4039 omnino

780 4067 975 4138 cogitationem
991 4067 1124 4125 incideret
1142 4070 1283 4138 poetitio-
