2670 4822
238 368 280 434 32
491 365 524 426 P.
549 359 781 426 VIRGILII
803 361 1036 431 Minonis

237 493 333 554 AErea
345 508 445 577 quem
457 485 630 574 obliquum
642 502 714 550 rota
725 486 870 566 transiit;
882 503 940 552 aut
951 489 1057 575 gravis
1070 488 1139 556 ictu
1239 537 1242 545 .

234 597 442 663 seminecem
453 593 550 682 liquit
561 614 638 656 saxo
650 591 863 681 lacerumque
875 593 999 674 viat0r;
1240 611 1280 673 275
1322 638 1325 647 ·

235 700 469 792 Nequidquam
481 699 597 786 longos
610 698 741 785 fugiens
754 697 810 763 dat
822 721 962 787 corpore
974 716 1095 780 tortuS,

235 812 330 874 Parte
343 809 449 885 ferox,
462 802 650 893 ardensque
663 803 781 883 ocelle,
796 821 830 868 et
841 804 936 868 sibila
949 805 1034 871 colla

235 915 367 1000 Arduus
378 911 557 990 adtollens3
569 932 645 997 pars
656 909 792 975 volnere
804 908 923 975 clauda
934 927 1076 976 retentat

235 1025 417 1089 Nexantem
429 1015 540 1095 nodis,
555 1037 658 1104 seque
670 1015 704 1078 in
718 1037 777 1080 sua
789 1015 938 1080 membra
949 1016 1137 1105 plicantem.

234 1128 310 1194 Tali
321 1123 459 1211 remigio
471 1119 562 1184 navis
576 1141 610 1184 se
623 1118 716 1184 tarda
727 1120 900 1202 movebat3
1241 1138 1284 1188 280

234 1234 318 1299 Vela
330 1230 408 1295 facit
419 1243 544 1304 tamen,
559 1240 592 1287 et
602 1224 685 1289 velis
697 1222 786 1289 subit
798 1226 882 1291 ostia
893 1225 1010 1314 plenis.
1107 1285 1110 1293 .

241 1431 243 1436 '
269 1428 321 1493 ²74·
331 1428 405 1472 AEnec
415 1424 464 1470 duo
475 1439 528 1487 curn
537 1423 619 1469 Servio
629 1422 692 1484 apud
701 1423 827 1469 Burmann.
841 1427 922 1470 transit
932 1426 1008 1487 Sprot.
1022 1427 1111 1470 nunsiit
1121 1434 1172 1473 rota
1184 1427 1283 1476 Dorvill.

235 1529 268 1542 ...
280 1501 331 1562 275.
346 1499 409 1552 susi,
430 1507 458 1540 ut
472 1493 502 1539 ab
526 1496 572 1539 t'ctu
587 1493 702 1555 pendeat,
718 1510 754 1556 pr.
772 1495 857 1541 Moret.
876 1509 926 1557 quo
940 1495 1078 1558 vulgarioris
1093 1512 1149 1544 usus
1167 1509 1284 1546 structura

237 1573 329 1638 prodit:
339 1571 472 1616 seminecem
486 1568 531 1610 teus
541 1568 617 1629 qrovss
630 1568 688 1611 saxi.
704 1564 785 1630 linquit
795 1565 844 1612 duo
855 1567 934 1612 burm.
950 1582 1007 1614 saxo
1019 1566 1085 1632 liquit
1094 1567 1167 1616 Wall.
1181 1596 1215 1608 -
1232 1573 1283 1635 276.

236 1648 268 1692 N.
279 1644 373 1708 juqt'ens
389 1638 465 1703 lonqos
482 1637 522 1682 dut
535 1645 623 1698 pecure
638 1635 779 1691 Gotb2tert.
793 1637 834 1682 dut
847 1653 868 1683 c.
888 1646 974 1684 uacum
987 1638 1085 1686 Oudart.
1106 1665 1138 1677 -
1158 1655 1211 1706 277.
1230 1657 1285 1706 port

236 1714 302 1764 sibila
317 1715 402 1766 Rom,
424 1708 492 1756 male.
509 1706 617 1754 cotue:
637 1706 718 1754 collom
733 1708 843 1754 Rottend.
861 1719 914 1754 tert.
936 1733 969 1744 -
989 1709 1041 1771 278.
1062 1711 1155 1758 Arduos
1171 1714 1239 1759 Rom.
1261 1729 1284 1759 τ,

235 1789 331 1833 Piens.
352 1781 416 1827 turdo
431 1779 491 1824 Ven.
506 1776 601 1822 vulnero
617 1776 696 1823 clausu
711 1778 772 1824 Gud.
785 1795 799 1823 a
814 1794 846 1824 m.
862 1794 899 1840 pr.
916 1787 1031 1844 retorquet
1040 1796 1077 1842 pr.
1096 1781 1179 1828 Hamb.
1189 1808 1221 1819 -
1232 1797 1284 1846 ²7⁹·

235 1861 365 1904 Nexuntem
379 1852 448 1898 nodos
466 1847 543 1911 vulqg.
563 1849 616 1895 edd.
633 1848 734 1905 babent,
746 1864 799 1911 pars
816 1849 886 1895 codd.
904 1851 964 1896 Pier.
984 1861 1008 1897 et
1025 1855 1168 1899 recentiores
1179 1855 1286 1902 Venetus

237 1928 326 1975 Heinsii
336 1937 359 1971 et
370 1920 482 1977 Bouill,
494 1919 640 1967 hauddubie
652 1920 682 1965 ab
699 1920 796 1966 indocto
810 1919 986 1983 interpolatore.
998 1923 1123 1968 Nitentem
1132 1924 1197 1970 nodis
1213 1925 1286 1970 verbo

236 1999 377 2045 Lucretiano
388 1993 428 2040 alii
437 1993 502 2056 iique
512 1992 630 2038 veterrimi
639 1990 726 2037 Medic.
739 2007 792 2036 am.
803 2007 839 2058 pr.
851 1994 920 2051 (nam
929 1991 1079 2038 emendatum
1091 1996 1118 2039 in
1126 1997 1235 2041 nitentem
1241 2013 1250 2051 ,-
1262 2010 1286 2043 et

236 2071 282 2117 boe
293 2072 461 2129 interpretatur
472 2066 586 2126 Pompon.
599 2063 666 2119 Sab.‚
679 2079 750 2127 quem
760 2063 831 2123 vide)
843 2063 904 2109 Gud.
918 2079 931 2110 e
942 2063 1013 2110 simili
1022 2064 1130 2128 exemplo
1140 2066 1288 2130 descriptus,

236 2153 260 2188 et
268 2139 365 2187 Mentel.
376 2153 412 2200 pr.
422 2152 476 2182 eum
484 2147 551 2198 parte
561 2134 630 2180 codd.
644 2136 720 2190 Pier„
734 2137 796 2181 inter
806 2149 866 2198 quos
875 2134 992 2181 Romanus
1007 2135 1079 2183 fuisse
1096 2135 1206 2195 videtur,
1218 2150 1246 2184 ut
1256 2141 1286 2199 tit

236 2212 303 2274 quasi
312 2208 424 2253 subnixus
434 2205 503 2251 nodis
512 2206 559 2250 suis
570 2219 666 2266 serpens
676 2220 682 2250 z
694 2205 727 2250 sic
737 2206 781 2250 erit
790 2202 874 2251 eadem
883 2205 1019 2267 exquisitior
1029 2208 1104 2262 ratio,
1115 2223 1187 2269 quam
1196 2207 1296 2271 depre·'

235 2278 361 2326 bendimus
373 2294 394 2323 v.
407 2288 428 2320 e.
438 2276 464 2319 in
475 2273 517 2320 illo
528 2290 533 2319 :
545 2282 646 2331 utentum
660 2275 789 2337 crinemque
801 2273 901 2318 Maeonia
909 2275 977 2318 mitra
991 2271 1101 2320 subnixus
1111 2275 1153 2331 IV,
1164 2275 1217 2322 216.
1229 2291 1286 2340 ²¹72

235 2348 277 2394 ubi
286 2347 361 2402 idem,
371 2347 412 2408 qui
420 2342 536 2390 subnexus
546 2355 595 2399 est,
606 2343 697 2389 doctius
708 2343 796 2389 dicitur
805 2341 924 2388 subnixus.
932 2343 1038 2390 Tandem
1046 2343 1146 2406 legitur:
1156 2347 1286 2391 Nexontem

229 2417 300 2463 ‘nodis
312 2415 336 2462 b.
347 2432 368 2462 e.
377 2425 501 2461 nexantem
514 2415 575 2460 sein
587 2413 674 2469 nodos,
685 2411 754 2459 docte
764 2423 787 2459 et
800 2415 835 2458 rei
847 2414 1029 2468 convenienter,
1045 2413 1088 2459 sed
1104 2415 1130 2459 in
1139 2417 1285 2477 paucissimis

236 2487 315 2542 libris;
324 2485 457 2533 Mediceum
468 2501 535 2531 suum
551 2483 631 2530 laudat
640 2485 738 2530 Pierius.
751 2484 859 2530 Heinsius
871 2494 962 2529 tantum
970 2483 1000 2530 de
1009 2485 1074 2530 noun
1083 2485 1198 2543 affirmat,
1208 2486 1239 2536 de
1248 2486 1286 2534 al-

235 2569 287 2603 tero
299 2556 352 2603 silet
358 2572 366 2612 ;
377 2555 419 2602 sed
429 2556 521 2601 firmant
533 2554 659 2602 lectionem
669 2555 833 2610 Grammatici,
844 2555 975 2601 Priscianus
985 2565 1008 2601 et
1019 2554 1142 2620 Eutyches.
1152 2551 1235 2622 lt'aque
1244 2574 1286 2605 re-

235 2626 368 2690 linquamus
377 2625 516 2680 lectionem,
528 2639 581 2688 quae
592 2638 616 2671 et
631 2628 682 2687 ipsa
693 2636 764 2687 poeta
776 2624 847 2687 digna
858 2636 908 2680 est;
924 2636 1091 2688 teneamusque
1103 2625 1180 2673 illud:
1193 2629 1286 2692 quoties

235 2696 296 2743 nibil
306 2707 383 2759 potest
394 2697 426 2742 ita
439 2695 544 2752 definiri,
553 2706 580 2740 ut
589 2697 615 2740 in
627 2694 763 2741 alterutram
774 2706 866 2756 partem
874 2694 1028 2758 probabilitas
1037 2696 1112 2758 major
1120 2698 1147 2741 in
1157 2711 1240 2745 sensus
1248 2699 1287 2743 iu-

235 2778 325 2822 eurrat‚
335 2782 379 2813 nec
389 2765 505 2812 mutandae
512 2765 609 2812 lectioni
621 2766 719 2828 vulgatae
728 2765 807 2811 locum
818 2776 842 2812 et
853 2781 971 2822 caussam,
982 2782 1026 2812 nec
1038 2768 1174 2813 mutationis
1182 2767 1286 2815 fructum

236 2851 260 2885 et
268 2836 393 2884 utilitatem
405 2851 469 2892 esse;
485 2849 566 2883 contra
577 2853 634 2884 vero
648 2836 788 2892 lectoribus,
801 2838 908 2898 inprimis
918 2836 1113 2899 elegantioribus,
1126 2839 1168 2900 qui
1180 2834 1286 2884 criticam

234 2906 388 2954 subtilitatem
397 2920 446 2951 non
458 2918 555 2963 curant,
565 2906 683 2954 molestias
694 2908 784 2962 ereari3
794 2907 901 2968 inprimis
909 2909 929 2952 si
939 2907 981 2952 tibi
990 2918 1109 2963 constare,
1122 2918 1145 2953 et
1154 2910 1179 2952 in
1188 2909 1285 2971 paribus

234 2980 320 3025 caussis
331 2994 412 3040 parem
427 2980 542 3024 rationem
557 2981 626 3043 sequi
638 2978 710 3026 velis:
723 2990 774 3024 tum
794 2980 858 3023 enim
869 2979 994 3025 innumera
1011 2991 1080 3025 erunt
1090 2978 1219 3036 mutanda,
1231 2996 1285 3026 cum

235 3049 306 3095 modo
316 3063 396 3104 casus,
407 3048 478 3094 modo
486 3051 569 3111 genius
579 3052 707 3107 sermonis,
720 3050 826 3112 inprimis
837 3051 937 3111 poetici,
947 3049 1019 3095 modo
1027 3049 1156 3106 aberratio,
1165 3049 1235 3097 binas
1242 3052 1286 3096 tri·

234 3132 304 3165 nasse
321 3117 434 3164 lectiones
443 3119 590 3180 suppeditet,
606 3136 706 3182 quarum
717 3117 783 3165 nulla
796 3130 836 3164 aut
847 3121 926 3180 sperni
935 3121 1008 3181 possit
1017 3131 1057 3165 aut
1066 3118 1176 3166 destituta
1187 3121 1218 3166 sit
1226 3124 1287 3167 'aus-

234 3191 344 3237 mritate:
358 3189 424 3252 quod
435 3191 514 3252 itaque
527 3207 570 3254 eqo
581 3193 697 3239 substituo
704 3225 712 3250 ,
724 3190 808 3238 eodem
815 3193 869 3254 jure
879 3191 979 3237 mutabit
987 3190 1054 3238 alter.
1066 3216 1098 3226 -
1110 3189 1202 3239 abusio
1219 3192 1288 3238 tom

232 3260 315 3305 Hanc.
325 3274 349 3306 se
361 3259 426 3305 tarda
431 3258 521 3322 ferebat
529 3262 590 3308 Gud.
602 3278 616 3308 a
627 3278 657 3308 m.
667 3279 704 3326 pr.
716 3272 740 3308 et
748 3261 824 3325 bigot.
833 3277 855 3309 v.
872 3259 913 3306 lib.
923 3261 969 3318 ΙΙΙ,
981 3260 1033 3308 268.
1046 3287 1078 3298 -
1089 3259 1142 3308 281.
1153 3260 1220 3308 Ordo
1232 3279 1286 3309 ver·

233 3421 310 3495 qraot'
323 3423 392 3486 ictu‚·
405 3438 431 3477 et
447 3444 508 3477 mox
519 3426 657 3499 jungenda
672 3444 735 3479 saxa
783 3436 934 3476 nectentem
943 3441 971 3476 se
980 3421 1101 3476 innodes
1114 3434 1141 3475 et
1152 3421 1287 3494 replican-

236 3498 359 3554 locerum.
373 3503 420 3554 dat
428 3514 522 3570 tortus,
534 3507 608 3558 facit.
619 3502 735 3556 colluun-
783 3514 837 3554 teni
849 3521 877 3555 se
888 3505 915 3555 in
928 3502 1015 3556 orbes.
1028 3522 1052 3554 v.
1065 3505 1129 3555 Var.
1139 3502 1213 3555 lect.

235 3579 302 3634 duus
313 3580 452 3647 adtollens,
465 3581 541 3650 αὑχίί
555 3577 664 3646 incoatis
674 3581 735 3634 Cal·
820 3585 871 3637 280
883 3613 918 3622 -
928 3584 988 3637 285.
1003 3583 1084 3652 Quod
1096 3582 1219 3654 Sergesto
1236 3584 1287 3636 etsi

235 3658 341 3712 limaeh.
362 3663 389 3712 in
404 3663 499 3734 fragm.
515 3660 734 3713 CCCCXXXVlll
783 3663 904 3715 inferiori
916 3682 1011 3714 munus
1029 3663 1088 3729 dat,
1101 3674 1128 3715 et
1144 3661 1218 3732 quod
1232 3680 1289 3715 ser·

235 3740 735 3812 egregiealluhnlteniorestituto.pam
782 3760 844 3793 vam
863 3741 923 3807 dat,
938 3743 971 3794 ab
990 3745 1107 3795 Homero
1124 3741 1209 3795 habet
1224 3741 1243 3793 l.
1261 3761 1286 3794 c.

233 3816 344 3871 vulnere
376 3817 472 3871 clauda
504 3830 733 3891 retentat-pars
767 3806 1286 3893 'lusam536.537.53801261.263.

234 3900 388 3964 vulnerata,
402 3898 502 3951 obtrita
513 3918 544 3952 ac
560 3903 659 3965 fracta,
678 3909 734 3952 nio·
784 3898 865 3968 Quod
889 3914 978 3954 autem
997 3901 1117 3952 Pholoen
1129 3899 1286 3954 Cretensem

234 3992 310 4032 ratur
322 3993 353 4033 ac
365 3981 474 4047 retinet,
492 3998 526 4032 ne
545 3983 630 4053 possit
642 3998 735 4052 proce·
783 3983 918 4046 nominat,
927 3980 980 4033 hoc
988 3994 1017 4033 ut
1026 3992 1108 4052 poeta
1116 3981 1195 4045 facit,
1207 3999 1224 4032 a
1232 3973 1287 4052 quo

235 4058 313 4128 dere,
323 4071 487 4134 serpentem,
500 4072 639 4117 nexantem
649 4060 734 4131 nodis,
783 4056 850 4114 nihil
866 4060 946 4115 facile
962 4060 1099 4137 indefinite
1120 4059 1287 4139 ponendum.
