2670 4822
354 361 592 428 AENEIDOS
616 364 773 428 LIBER
795 367 834 429 V.

65 486 116 553 Sic
128 489 232 567 fatus,
246 503 378 575 tergum
390 486 510 551 Gaetuli
523 486 656 550 inmane
668 486 774 551 leonis

65 595 243 674 vassalio,
258 592 344 658 villis
357 615 537 658 onerosum
549 610 648 682 atque
662 593 828 681 unguibus
840 597 958 662 aureis.

65 700 129 765 Hic
142 701 255 781 Nisus,
274 730 286 758 a
298 700 330 765 Si
342 715 446 778 tanta,
461 698 583 788 inquit,
597 715 675 763 sunt
686 701 822 787 praemia
834 701 942 780 victiS,

66 805 109 868 Et
120 821 154 868 te
166 805 337 894 lapsorum
350 805 501 882 miseret,
516 825 589 892 quae
601 828 741 869 munera
753 806 833 870 Niso

65 909 175 998 Digna
191 910 299 991 dabis,
313 911 456 999 primam
468 912 574 974 merui
587 912 645 1001 qui
657 911 756 976 laude
768 934 941 993 coronam,
1077 924 1121 978 355

65 1015 109 1079 Ni
121 1039 192 1096 me,
206 1039 282 1106 quae
294 1017 433 1097 Salium,
449 1016 582 1081 fortuna
594 1017 727 1082 inimica
738 1017 911 1083 tulissetis

64 1123 109 1186 Et
121 1124 221 1187 simul
234 1122 286 1187 his
298 1122 395 1187 dictis
407 1123 527 1188 faciem
540 1122 739 1203 ostentabat,
755 1141 787 1188 et
799 1124 868 1189 udo

64 1227 193 1314 Turpia
204 1227 353 1292 membra
365 1228 454 1292 fimo.
469 1229 553 1292 Risit
565 1246 659 1316 pater
671 1230 816 1318 optimus
829 1231 901 1310 olli,

65 1334 109 1398 Et
121 1334 268 1422 clipeum
282 1336 397 1400 efferri
405 1335 518 1424 jussit,
532 1333 749 1425 Didymaonis
761 1353 861 1416 artes,

65 1440 217 1528 Neptuni
229 1460 323 1506 sacro
334 1442 456 1505 Danais
469 1440 512 1505 de
524 1458 618 1530 poste
631 1441 788 1506 refixum:

66 1549 142 1611 Hoc
149 1548 311 1638 juvenem
324 1551 494 1637 egregium
506 1551 674 1637 praestanti
686 1573 826 1614 munere
838 1550 950 1616 donat.

113 1657 205 1734 Post,
220 1654 279 1719 ubi
291 1656 436 1721 confecti
449 1677 579 1736 cursus,
594 1673 627 1721 et
639 1656 727 1720 dona
740 1658 885 1746 peregit:

71 1789 85 1818 a
100 1763 212 1840 Nunc,
226 1762 254 1826 si
266 1762 320 1826 cui
332 1762 450 1842 virtus,
464 1763 662 1852 animusque
674 1765 709 1827 in
720 1781 855 1852 pectore
868 1787 1027 1852 praesens,

65 1957 143 2012 eavit,
152 1972 207 2002 cum
216 1955 296 2002 nullus
304 1956 378 2004 codex
386 1973 477 2014 casum,
487 1958 551 2020 quod
560 1957 638 2021 vulgg.
654 1959 709 2005 edd.
722 1959 814 2005 obsidet
826 1970 849 2004 et
860 1956 983 2020 vulgarius
995 1970 1042 2013 cst,
1059 1959 1125 2006 exbi-

64 2025 133 2084 beat,
152 2030 171 2074 si
188 2031 290 2090 primum
311 2044 339 2075 ex
359 2029 472 2076 Gotbanis
491 2032 592 2092 excipias
608 2047 661 2076 cum
680 2029 777 2077 Dorvill.
793 2033 895 2075 misereri
910 2031 979 2074 etiam
996 2029 1125 2087 nonnulli,

65 2097 130 2144 inter
141 2115 201 2161 quos
213 2100 279 2144 llam.
292 2101 394 2146 Omnino
406 2117 473 2146 casus
485 2105 588 2146 miserari
596 2102 690 2164 plenius
704 2114 778 2148 sonat.
790 2128 822 2137 -
836 2101 889 2157 354.
902 2115 955 2164 quse
968 2103 1063 2163 premia
1073 2102 1125 2147 Me·

66 2167 115 2214 dic.
125 2170 212 2216 Mores.
225 2187 270 2217 see.
283 2184 305 2218 et
317 2172 406 2230 Colat,
426 2189 455 2219 ex
470 2188 539 2219 versu
550 2186 626 2220 antec.
636 2201 668 2210 -
681 2175 734 2221 355.
749 2178 830 2220 meruit
842 2174 889 2219 duo
901 2189 939 2234 ap.
956 2173 1048 2228 Bnrm,
1067 2188 1125 2233 per-

65 2250 142 2302 petuo
151 2240 201 2287 fere
213 2241 281 2304 lapsu
291 2245 317 2288 in
328 2243 398 2289 simili
409 2245 535 2290 verborum
547 2247 632 2306 positu.
643 2272 674 2281 -
684 2245 737 2291 356.
748 2254 771 2291 et
782 2247 805 2290 S.
817 2243 937 2290 nonnullae
949 2243 1003 2289 edd.
1017 2256 1040 2288 et
1052 2242 1123 2288 codd.

65 2335 100 2347 -
111 2312 165 2375 357.
177 2314 308 2360 ostendebat
322 2315 431 2361 nonnulli
444 2332 481 2378 ap.
493 2318 572 2362 Burm.
586 2330 609 2363 et
624 2318 694 2364 Goth.
710 2333 756 2364 sec.
771 2315 911 2364 monstrabat
927 2310 1012 2362 Moret'.
1030 2331 1076 2362 sec.
1093 2341 1125 2352 -

67 2381 122 2427 358.
141 2381 175 2428 illi
185 2384 274 2430 Medic.
287 2403 301 2431 a
316 2403 347 2432 m.
365 2403 401 2449 pr.
419 2387 544 2446 Quodnam
556 2391 648 2433 aurium
662 2389 779 2453 judicium
798 2392 823 2434 in
840 2388 885 2433 boc
901 2400 1014 2450 sequutus
1026 2389 1069 2443 sit,
1088 2385 1126 2434 sel

67 2466 123 2515 post
133 2454 248 2512 Quinctil.
262 2455 342 2503 locum
353 2458 418 2514 Vlll,
432 2458 460 2514 3,
474 2459 515 2514 25,
532 2474 575 2505 nos
587 2459 652 2505 latet.
662 2486 693 2496 -
704 2460 756 2522 359.
769 2459 850 2522 affem'
865 2458 955 2521 aliquot
964 2460 1026 2503 Pier.
1043 2469 1065 2503 ct
1079 2458 1127 2503 duo

67 2525 149 2570 Burm-
169 2525 252 2590 afferri
269 2529 305 2575 ed.
323 2530 412 2576 Gener.
426 2529 489 2593 ferri
506 2531 586 2587 Leid,
602 2548 734 2593 perperam.
752 2532 897 2586 Didamonis,
911 2530 1070 2585 Didamaanis,
1084 2529 1126 2574 Di·

68 2595 195 2654 dt'omonis,
212 2611 235 2644 et
247 2600 310 2662 apud
325 2601 386 2646 Pier.
401 2601 568 2652 Didnmoeonr's,
583 2600 647 2662 apud
660 2601 814 2648 Benedictum
828 2599 876 2646 Pal.
893 2600 1058 2658 Didymaonis,
1075 2613 1129 2644 cor·

70 2667 183 2729 ruptelae3
196 2684 250 2715 nam
263 2683 297 2716 est
305 2666 454 2732 Διθυμάονος.
467 2680 516 2717 arte
526 2683 572 2717 tres
581 2673 659 2718 Burm.
670 2681 743 2718 artem
754 2674 871 2718 Romanus
880 2705 887 2726 ‚
897 2684 920 2719 et
932 2688 969 2732 ap.
981 2672 1060 2715 Burm.
1071 2670 1128 2714 Dor»

70 2737 122 2785 sill.
133 2775 140 2796 ,
152 2740 196 2786 sed
206 2745 331 2804 exquisitiu
345 2743 443 2806 splurali
455 2759 554 2790 numero
566 2753 644 2790 arms:
661 2744 685 2790 b.
698 2761 719 2791 e.
735 2759 802 2807 opus.
817 2769 848 2779 -
859 2742 911 2789 363.
924 2743 977 2786 Huc
988 2744 1010 2786 si
1019 2739 1071 2786 cod.
1084 2740 1127 2784 Ge.

69 2905 133 2959 dine
141 2925 190 2958 suo
201 2910 348 2979 praemium.
360 2910 481 2963 Observa
493 2913 574 2964 etiarn
624 2913 740 2976 Danais,
754 2930 770 2962 a
782 2908 882 2962 Danais
887 2928 896 2967 ;
917 2919 942 2958 et
956 2902 1130 2974 intelligimus

70 2988 178 3058 copiam
195 2988 336 3042 dictionis:
358 3009 481 3056 munera,
504 3008 575 3063 pne-

68 3066 143 3133 mt'a,
164 3066 278 3140 palma,
308 3088 420 3136 corona,
450 3069 574 3134 bonores,

70 3146 139 3197 dona
148 3182 158 3212 ,
178 3149 313 3218 promissa.
327 3179 362 3187 -
375 3147 434 3201 355.
454 3149 514 3203 356.
536 3148 576 3198 Ni

69 3242 113 3275 me
122 3255 158 3264 -
162 3226 279 3296 fortuna
289 3225 403 3291 tulisset,
413 3247 455 3279 me
464 3247 480 3279 a
488 3229 575 3299 primo

70 3307 183 3377 praemio
211 3306 377 3372 abstulisset,
407 3307 576 3375 abduxisset,

71 3387 230 3458 exquisitius
243 3406 324 3458 quam
335 3387 445 3460 vulgare
458 3412 463 3440 :
478 3390 506 3441 ni
518 3390 576 3440 for·

10 3458 12 3465 ¹
72 3477 138 3518 tuna
148 3466 214 3519 mibi
225 3470 366 3539 eripuisset
375 3471 513 3539 praemium
526 3487 576 3539 pro

74 3543 153 3598 lande
161 3545 189 3597 h.
204 3566 227 3599 e.
237 3550 335 3601 virtute
345 3551 373 3600 in
382 3567 471 3600 cursu.
480 3568 504 3600 v.
515 3548 576 3619 357.

72 3626 130 3677 Hoc
153 3644 187 3677 an
206 3626 313 3697 placere
334 3630 433 3698 possit,
449 3647 474 3679 v.
497 3627 531 3679 ad
551 3647 576 3679 v.

73 3705 133 3775 3²7·
148 3707 183 3757 cf.
198 3706 274 3759 iliad.
287 3708 321 3772 ψ,
334 3706 576 3777 551.781.-359.

74 3783 177 3855 clipeus
186 3784 220 3836 ab
231 3785 344 3849 artifice,
359 3788 405 3856 qui
417 3788 495 3853 fecit,
506 3806 578 3838 com·

74 3861 217 3917 mendatur
229 3864 240 3935 (
253 3867 287 3917 cf.
305 3867 341 3917 Ill
357 3866 412 3918 Ecl.
432 3867 504 3937 37),
524 3879 550 3919 et
563 3886 579 3918 a

626 2989 675 3041 hoc
684 2991 720 3041 nd
730 2992 845 3041 AEneam
859 2984 975 3036 transisse
985 3001 1035 3054 per
1052 2979 1130 3034 Hele-

625 3090 691 3142 nurn
703 3069 773 3140 (sup.
783 3070 828 3132 lll,
835 3065 886 3132 465
893 3065 971 3136 sqq.)¹
980 3064 1024 3114 Nil
1035 3064 1128 3115 refert:

625 3151 715 3204 sedet
737 3149 832 3202 AEneas
857 3165 888 3197 ex
911 3144 1013 3216 templo
1036 3145 1129 3215 aliquo

625 3232 779 3283 Grecorum
798 3230 867 3279 inter
889 3224 1007 3297 predam
1026 3225 1132 3277 auferre

625 3311 728 3382 potuit,
746 3320 776 3359 ut
795 3306 871 3358 color
884 3307 919 3358 sit
931 3304 1023 3356 similis
1041 3323 1072 3356 aa
1084 3303 1130 3359 lib.

627 3392 677 3453 Ill,
691 3389 742 3441 286
751 3417 785 3426 -
796 3385 856 3438 288.

662 3468 713 3521 362
726 3496 762 3507 -
774 3466 835 3532 484
859 3466 948 3516 Etiam
967 3482 1010 3534 ap.
1031 3463 1133 3513 Heme·

626 3564 687 3601 turn
698 3546 833 3613 πυγμαχία
849 3544 879 3596 fit
890 3541 967 3596 llind.
986 3543 1019 3609 ψ,
1034 3542 1082 3595 651
1098 3570 1132 3582 -

627 3631 688 3699 699.
702 3627 821 3679 Certavit
831 3644 892 3677 cum
903 3636 1045 3695 poetarum
1055 3634 1132 3692 patre

627 3707 755 3778 Virgilius
767 3707 824 3757 fere
837 3706 865 3755 in
877 3702 1002 3775 singulis,
1015 3713 1045 3751 ut
1057 3719 1132 3752 com·

628 3785 752 3860 parando
764 3785 844 3837 facile
856 3783 1020 3854 intelligent,
1034 3780 1131 3852 quibus

628 3867 684 3919 baec
697 3884 859 3936 cognoscere
872 3863 987 3914 lubitum
1000 3873 1055 3924 est,
1076 3876 1133 3930 mo·

73 3942 149 4010 loce,
174 3964 229 4016 quo
253 3947 342 3998 fuerat
363 3963 522 4019 suspensus,
552 3948 580 3998 in
631 3940 1134 4012 dovarietate,modoornatu.0mnino

75 4025 195 4096 Neptuni
212 4028 313 4099 templo
332 4046 382 4099 pro
402 4028 533 4095 donario,
555 4041 581 4081 et
630 4029 765 4100 placuisse
776 4027 827 4079 sibi
836 4024 942 4076 videtur
951 4032 1033 4090 poeta
1045 4021 1072 4069 in
1081 4018 1134 4071 boc
1160 4066 1166 4074 .

75 4105 150 4175 quod
174 4125 189 4160 e
212 4107 348 4160 manubiis
368 4120 432 4160 erat.
455 4106 580 4162 Servius:
630 4109 706 4175 loco,
724 4109 805 4160 etiam
826 4105 859 4158 ab
880 4100 1025 4174 Apollonio
1044 4099 1090 4151 lib·
1111 4101 1135 4150 ll
