<?xml version="1.0" encoding="UTF-8"?>
<!DOCTYPE html PUBLIC "-//W3C//DTD XHTML 1.0 Transitional//EN"
    "http://www.w3.org/TR/xhtml1/DTD/xhtml1-transitional.dtd">
<html xmlns="http://www.w3.org/1999/xhtml" xml:lang="en" lang="en">
 <head>
  <title>
</title>
<meta http-equiv="Content-Type" content="text/html;charset=utf-8" />
  <meta name='ocr-system' content='tesseract 3.04.00' />
  <meta name='ocr-capabilities' content='ocr_page ocr_carea ocr_par ocr_line ocrx_word'/>
</head>
<body>
  <div class='ocr_page' id='page_1' title='image "bibliothecaclas11lemagoog_0057.png"; bbox 0 0 2670 4822; ppageno 0'>
   <div class='ocr_carea' id='block_1_1' title="bbox 222 354 1017 441">
    <p class='ocr_par' dir='ltr' id='par_1_1' title="bbox 222 354 1017 441">
     <span class='ocr_line' id='line_1_1' title="bbox 222 354 1017 441; baseline -0.004 -14"><span class='ocrx_word' id='word_1_1' title='bbox 222 358 267 441; x_wconf 68' lang='lat'>‘40</span> <span class='ocrx_word' id='word_1_2' title='bbox 469 354 506 419; x_wconf 79' lang='lat' dir='ltr'>a</span> <span class='ocrx_word' id='word_1_3' title='bbox 531 355 763 419; x_wconf 72' lang='lat' dir='ltr'>vinorum</span> <span class='ocrx_word' id='word_1_4' title='bbox 786 358 1017 425; x_wconf 76' lang='lat' dir='ltr'>Maeonis</span> 
     </span>
    </p>
   </div>
   <div class='ocr_carea' id='block_1_2' title="bbox 215 477 1273 1317">
    <p class='ocr_par' dir='ltr' id='par_1_2' title="bbox 220 477 989 569">
     <span class='ocr_line' id='line_1_2' title="bbox 220 477 989 569; baseline -0.009 -23"><span class='ocrx_word' id='word_1_5' title='bbox 220 480 328 560; x_wconf 82' lang='lat' dir='ltr'>Adsit,</span> <span class='ocrx_word' id='word_1_6' title='bbox 343 494 376 544; x_wconf 93' lang='lat' dir='ltr'>et</span> <span class='ocrx_word' id='word_1_7' title='bbox 388 479 525 544; x_wconf 87' lang='lat' dir='ltr'>evinctis</span> <span class='ocrx_word' id='word_1_8' title='bbox 537 477 674 542; x_wconf 85' lang='lat' dir='ltr'>adtollat</span> <span class='ocrx_word' id='word_1_9' title='bbox 686 478 820 544; x_wconf 86' lang='lat' dir='ltr'>brachia</span> <span class='ocrx_word' id='word_1_10' title='bbox 832 481 960 569; x_wconf 89' lang='lat' dir='ltr'>palmis.</span> <span class='ocrx_word' id='word_1_11' title='bbox 975 511 989 540; x_wconf 62' lang='lat' dir='ltr'>a,</span> 
     </span>
    </p>

    <p class='ocr_par' dir='ltr' id='par_1_3' title="bbox 218 585 1273 781">
     <span class='ocr_line' id='line_1_3' title="bbox 218 585 1273 673; baseline 0.002 -22"><span class='ocrx_word' id='word_1_12' title='bbox 218 588 272 652; x_wconf 88' lang='lat' dir='ltr'>Sic</span> <span class='ocrx_word' id='word_1_13' title='bbox 283 587 342 665; x_wconf 86' lang='lat' dir='ltr'>ait,</span> <span class='ocrx_word' id='word_1_14' title='bbox 357 603 390 650; x_wconf 90' lang='lat' dir='ltr'>et</span> <span class='ocrx_word' id='word_1_15' title='bbox 401 585 570 672; x_wconf 90' lang='lat' dir='ltr'>geminum</span> <span class='ocrx_word' id='word_1_16' title='bbox 582 607 702 672; x_wconf 83' lang='lat' dir='ltr'>pugnae</span> <span class='ocrx_word' id='word_1_17' title='bbox 715 587 873 673; x_wconf 90' lang='lat' dir='ltr'>proponit</span> <span class='ocrx_word' id='word_1_18' title='bbox 885 586 1067 668; x_wconf 79' lang='lat' dir='ltr'>honoren13</span> <span class='ocrx_word' id='word_1_19' title='bbox 1227 605 1273 653; x_wconf 76' lang='lat'>365</span> 
     </span>
     <span class='ocr_line' id='line_1_4' title="bbox 218 691 973 781; baseline 0 -24"><span class='ocrx_word' id='word_1_20' title='bbox 218 693 344 757; x_wconf 89' lang='lat' dir='ltr'>Victori</span> <span class='ocrx_word' id='word_1_21' title='bbox 356 693 500 755; x_wconf 87' lang='lat' dir='ltr'>velatum</span> <span class='ocrx_word' id='word_1_22' title='bbox 512 713 594 754; x_wconf 90' lang='lat' dir='ltr'>auro</span> <span class='ocrx_word' id='word_1_23' title='bbox 606 691 763 779; x_wconf 88' lang='lat' dir='ltr'>vittisque</span> <span class='ocrx_word' id='word_1_24' title='bbox 772 691 973 781; x_wconf 79' lang='lat' dir='ltr'>juvencum3</span> 
     </span>
    </p>

    <p class='ocr_par' dir='ltr' id='par_1_4' title="bbox 215 797 1038 886">
     <span class='ocr_line' id='line_1_5' title="bbox 215 797 1038 886; baseline 0 -22"><span class='ocrx_word' id='word_1_25' title='bbox 215 801 352 878; x_wconf 85' lang='lat' dir='ltr'>Ensem,</span> <span class='ocrx_word' id='word_1_26' title='bbox 366 815 466 886; x_wconf 91' lang='lat' dir='ltr'>atque</span> <span class='ocrx_word' id='word_1_27' title='bbox 480 799 643 885; x_wconf 79' lang='lat' dir='ltr'><strong>insignem</strong></span> <span class='ocrx_word' id='word_1_28' title='bbox 656 797 797 884; x_wconf 88' lang='lat' dir='ltr'>galeam,</span> <span class='ocrx_word' id='word_1_29' title='bbox 812 799 926 862; x_wconf 89' lang='lat' dir='ltr'>solatia</span> <span class='ocrx_word' id='word_1_30' title='bbox 938 799 1038 864; x_wconf 88' lang='lat' dir='ltr'>victo.</span> 
     </span>
    </p>

    <p class='ocr_par' dir='ltr' id='par_1_5' title="bbox 215 904 1029 985">
     <span class='ocr_line' id='line_1_6' title="bbox 215 904 1029 985; baseline -0.002 -14"><span class='ocrx_word' id='word_1_31' title='bbox 215 909 246 971; x_wconf 87' lang='lat' dir='ltr'>N</span> <span class='ocrx_word' id='word_1_32' title='bbox 248 929 285 971; x_wconf 90' lang='lat' dir='ltr'>ee</span> <span class='ocrx_word' id='word_1_33' title='bbox 297 927 404 985; x_wconf 81' lang='lat' dir='ltr'>mora3</span> <span class='ocrx_word' id='word_1_34' title='bbox 417 904 578 968; x_wconf 91' lang='lat' dir='ltr'>continuo</span> <span class='ocrx_word' id='word_1_35' title='bbox 590 904 689 966; x_wconf 88' lang='lat' dir='ltr'>vastis</span> <span class='ocrx_word' id='word_1_36' title='bbox 702 926 779 968; x_wconf 91' lang='lat' dir='ltr'>cum</span> <span class='ocrx_word' id='word_1_37' title='bbox 791 904 917 968; x_wconf 91' lang='lat' dir='ltr'>viribus</span> <span class='ocrx_word' id='word_1_38' title='bbox 931 906 1029 969; x_wconf 85' lang='lat' dir='ltr'>effert</span> 
     </span>
    </p>

    <p class='ocr_par' dir='ltr' id='par_1_6' title="bbox 215 1011 1083 1100">
     <span class='ocr_line' id='line_1_7' title="bbox 215 1011 1083 1100; baseline -0.006 -19"><span class='ocrx_word' id='word_1_39' title='bbox 215 1017 282 1081; x_wconf 88' lang='lat' dir='ltr'>Ora</span> <span class='ocrx_word' id='word_1_40' title='bbox 294 1017 412 1092; x_wconf 82' lang='lat' dir='ltr'>Dares,</span> <span class='ocrx_word' id='word_1_41' title='bbox 426 1012 614 1100; x_wconf 84' lang='lat' dir='ltr'>magnoque</span> <span class='ocrx_word' id='word_1_42' title='bbox 627 1011 735 1074; x_wconf 90' lang='lat' dir='ltr'>virum</span> <span class='ocrx_word' id='word_1_43' title='bbox 748 1034 782 1075; x_wconf 93' lang='lat' dir='ltr'>se</span> <span class='ocrx_word' id='word_1_44' title='bbox 795 1035 966 1077; x_wconf 87' lang='lat' dir='ltr'>murmure</span> <span class='ocrx_word' id='word_1_45' title='bbox 979 1013 1083 1093; x_wconf 66' lang='lat' dir='ltr'>tollitt</span> 
     </span>
    </p>

    <p class='ocr_par' dir='ltr' id='par_1_7' title="bbox 215 1099 1202 1317">
     <span class='ocr_line' id='line_1_8' title="bbox 215 1099 1067 1212; baseline -0.006 -23"><span class='ocrx_word' id='word_1_46' title='bbox 215 1124 311 1190; x_wconf 88' lang='lat' dir='ltr'>Solus</span> <span class='ocrx_word' id='word_1_47' title='bbox 324 1123 382 1212; x_wconf 92' lang='lat' dir='ltr'>qni</span> <span class='ocrx_word' id='word_1_48' title='bbox 395 1118 546 1184; x_wconf 83' lang='lat' dir='ltr'>Paridem</span> <span class='ocrx_word' id='word_1_49' title='bbox 559 1118 675 1182; x_wconf 89' lang='lat' dir='ltr'>solitus</span> <span class='ocrx_word' id='word_1_50' title='bbox 688 1119 891 1184; x_wconf 83' lang='lat' dir='ltr'>contendere</span> <span class='ocrx_word' id='word_1_51' title='bbox 904 1138 1036 1201; x_wconf 76' lang='lat' dir='ltr'>contra3</span> <span class='ocrx_word' id='word_1_52' title='bbox 1065 1099 1067 1103; x_wconf 20' lang='grc' dir='ltr'>Ι</span> 
     </span>
     <span class='ocr_line' id='line_1_9' title="bbox 215 1224 1202 1317; baseline -0.002 -23"><span class='ocrx_word' id='word_1_53' title='bbox 215 1228 379 1317; x_wconf 78' lang='lat' dir='ltr'>Idemque</span> <span class='ocrx_word' id='word_1_54' title='bbox 392 1224 434 1290; x_wconf 87' lang='lat' dir='ltr'>ad</span> <span class='ocrx_word' id='word_1_55' title='bbox 447 1226 627 1304; x_wconf 91' lang='lat' dir='ltr'>tumulum,</span> <span class='ocrx_word' id='word_1_56' title='bbox 642 1248 710 1314; x_wconf 91' lang='lat' dir='ltr'>quo</span> <span class='ocrx_word' id='word_1_57' title='bbox 723 1248 896 1290; x_wconf 85' lang='lat' dir='ltr'>maxumus</span> <span class='ocrx_word' id='word_1_58' title='bbox 908 1226 1048 1292; x_wconf 89' lang='lat' dir='ltr'>occubat</span> <span class='ocrx_word' id='word_1_59' title='bbox 1061 1230 1202 1308; x_wconf 86' lang='lat' dir='ltr'>Hector,</span> 
     </span>
    </p>
   </div>
   <div class='ocr_carea' id='block_1_3' title="bbox 1225 1135 1274 1199">
    <p class='ocr_par' dir='ltr' id='par_1_8' title="bbox 1225 1135 1274 1199">
     <span class='ocr_line' id='line_1_10' title="bbox 1225 1135 1274 1199; baseline 0.02 -17"><span class='ocrx_word' id='word_1_60' title='bbox 1225 1135 1274 1199; x_wconf 79' lang='lat'>370</span> 
     </span>
    </p>
   </div>
   <div class='ocr_carea' id='block_1_4' title="bbox 164 1364 1275 1785">
    <p class='ocr_par' dir='ltr' id='par_1_9' title="bbox 164 1364 1275 1785">
     <span class='ocr_line' id='line_1_11' title="bbox 164 1364 1273 1428; baseline -0.003 -13"><span class='ocrx_word' id='word_1_61' title='bbox 164 1368 167 1374; x_wconf 79' lang='grc'><strong>’</strong></span> <span class='ocrx_word' id='word_1_62' title='bbox 214 1368 307 1415; x_wconf 79' lang='lat' dir='ltr'>Fabric.</span> <span class='ocrx_word' id='word_1_63' title='bbox 320 1367 445 1427; x_wconf 77' lang='lat' dir='ltr'><strong><em>animisque</em></strong></span> <span class='ocrx_word' id='word_1_64' title='bbox 452 1366 529 1426; x_wconf 87' lang='lat' dir='ltr'>Sprot.</span> <span class='ocrx_word' id='word_1_65' title='bbox 539 1365 593 1410; x_wconf 86' lang='lat' dir='ltr'>Post</span> <span class='ocrx_word' id='word_1_66' title='bbox 601 1379 702 1425; x_wconf 76' lang='lat' dir='ltr'>presens</span> <span class='ocrx_word' id='word_1_67' title='bbox 711 1364 926 1427; x_wconf 72' lang='lat' dir='ltr'>interpungendum</span> <span class='ocrx_word' id='word_1_68' title='bbox 936 1382 963 1411; x_wconf 85' lang='lat' dir='ltr'>ex</span> <span class='ocrx_word' id='word_1_69' title='bbox 973 1367 1099 1411; x_wconf 82' lang='lat' dir='ltr'>Burmanni</span> <span class='ocrx_word' id='word_1_70' title='bbox 1110 1378 1206 1428; x_wconf 86' lang='lat' dir='ltr'>quoqne</span> <span class='ocrx_word' id='word_1_71' title='bbox 1216 1381 1273 1412; x_wconf 88' lang='lat' dir='ltr'>seu·</span> 
     </span>
     <span class='ocr_line' id='line_1_12' title="bbox 215 1437 1275 1499; baseline -0.002 -15"><span class='ocrx_word' id='word_1_72' title='bbox 215 1442 297 1487; x_wconf 86' lang='lat' dir='ltr'>tentia.</span> <span class='ocrx_word' id='word_1_73' title='bbox 317 1440 340 1483; x_wconf 88' lang='lat' dir='ltr'>Si</span> <span class='ocrx_word' id='word_1_74' title='bbox 355 1450 433 1482; x_wconf 87' lang='lat' dir='ltr'>tamen</span> <span class='ocrx_word' id='word_1_75' title='bbox 443 1439 544 1497; x_wconf 84' lang='lat' dir='ltr'>jungas:</span> <span class='ocrx_word' id='word_1_76' title='bbox 555 1451 655 1498; x_wconf 81' lang='lat' dir='ltr'>presens</span> <span class='ocrx_word' id='word_1_77' title='bbox 668 1437 750 1491; x_wconf 81' lang='lat' dir='ltr'>Adsit,</span> <span class='ocrx_word' id='word_1_78' title='bbox 765 1449 790 1492; x_wconf 88' lang='lat' dir='ltr'>ut</span> <span class='ocrx_word' id='word_1_79' title='bbox 801 1440 823 1481; x_wconf 85' lang='lat' dir='ltr'>si</span> <span class='ocrx_word' id='word_1_80' title='bbox 837 1439 867 1482; x_wconf 88' lang='lat' dir='ltr'>sit</span> <span class='ocrx_word' id='word_1_81' title='bbox 884 1440 999 1499; x_wconf 86' lang='lat' dir='ltr'>optantis,</span> <span class='ocrx_word' id='word_1_82' title='bbox 1015 1440 1104 1482; x_wconf 87' lang='lat' dir='ltr'>utinam</span> <span class='ocrx_word' id='word_1_83' title='bbox 1117 1455 1122 1482; x_wconf 88' lang='lat'><strong>:</strong></span> <span class='ocrx_word' id='word_1_84' title='bbox 1134 1453 1178 1483; x_wconf 80' lang='lat' dir='ltr'>nec</span> <span class='ocrx_word' id='word_1_85' title='bbox 1191 1437 1215 1482; x_wconf 91' lang='lat' dir='ltr'>id</span> <span class='ocrx_word' id='word_1_86' title='bbox 1228 1441 1275 1482; x_wconf 89' lang='lat' dir='ltr'>im-</span> 
     </span>
     <span class='ocr_line' id='line_1_13' title="bbox 214 1506 1273 1573; baseline -0.003 -18"><span class='ocrx_word' id='word_1_87' title='bbox 214 1522 318 1573; x_wconf 84' lang='lat' dir='ltr'>portune</span> <span class='ocrx_word' id='word_1_88' title='bbox 330 1507 380 1552; x_wconf 87' lang='lat' dir='ltr'>fieri</span> <span class='ocrx_word' id='word_1_89' title='bbox 392 1506 501 1561; x_wconf 83' lang='lat' dir='ltr'>videtur,</span> <span class='ocrx_word' id='word_1_90' title='bbox 511 1508 595 1567; x_wconf 82' lang='lat' dir='ltr'>jejune</span> <span class='ocrx_word' id='word_1_91' title='bbox 610 1519 696 1552; x_wconf 85' lang='lat' dir='ltr'>tamen.</span> <span class='ocrx_word' id='word_1_92' title='bbox 708 1531 740 1540; x_wconf 89' lang='lat'>-</span> <span class='ocrx_word' id='word_1_93' title='bbox 752 1506 804 1552; x_wconf 81' lang='lat'>365.</span> <span class='ocrx_word' id='word_1_94' title='bbox 816 1510 928 1569; x_wconf 68' lang='lat' dir='ltr'>praeponit</span> <span class='ocrx_word' id='word_1_95' title='bbox 941 1507 1030 1570; x_wconf 82' lang='lat' dir='ltr'>aliquot</span> <span class='ocrx_word' id='word_1_96' title='bbox 1042 1525 1079 1569; x_wconf 82' lang='lat' dir='ltr'>sp.</span> <span class='ocrx_word' id='word_1_97' title='bbox 1091 1509 1170 1552; x_wconf 90' lang='lat' dir='ltr'>Burm.</span> <span class='ocrx_word' id='word_1_98' title='bbox 1177 1542 1185 1562; x_wconf 88' lang='lat'><em>,</em></span> <span class='ocrx_word' id='word_1_99' title='bbox 1201 1506 1273 1554; x_wconf 88' lang='lat' dir='ltr'>male.</span> 
     </span>
     <span class='ocr_line' id='line_1_14' title="bbox 216 1578 1271 1641; baseline -0.001 -15"><span class='ocrx_word' id='word_1_100' title='bbox 216 1607 248 1617; x_wconf 94' lang='lat'><em>-</em></span> <span class='ocrx_word' id='word_1_101' title='bbox 261 1580 314 1626; x_wconf 83' lang='lat'><strong>368.</strong></span> <span class='ocrx_word' id='word_1_102' title='bbox 327 1595 379 1624; x_wconf 85' lang='lat' dir='ltr'>cum</span> <span class='ocrx_word' id='word_1_103' title='bbox 390 1593 484 1624; x_wconf 84' lang='lat' dir='ltr'>erasum</span> <span class='ocrx_word' id='word_1_104' title='bbox 502 1580 527 1623; x_wconf 90' lang='lat' dir='ltr'>in</span> <span class='ocrx_word' id='word_1_105' title='bbox 538 1578 637 1625; x_wconf 84' lang='lat' dir='ltr'>Dorvill.</span> <span class='ocrx_word' id='word_1_106' title='bbox 650 1579 821 1641; x_wconf 69' lang='lat' dir='ltr'>effertllugen.</span> <span class='ocrx_word' id='word_1_107' title='bbox 832 1579 902 1641; x_wconf 72' lang='lat' dir='ltr'>offert</span> <span class='ocrx_word' id='word_1_108' title='bbox 913 1579 1010 1624; x_wconf 88' lang='lat' dir='ltr'>Oudart.</span> <span class='ocrx_word' id='word_1_109' title='bbox 1024 1580 1085 1625; x_wconf 84' lang='lat' dir='ltr'>Vide</span> <span class='ocrx_word' id='word_1_110' title='bbox 1095 1581 1166 1624; x_wconf 90' lang='lat' dir='ltr'>modo</span> <span class='ocrx_word' id='word_1_111' title='bbox 1180 1598 1201 1625; x_wconf 91' lang='lat' dir='ltr'>v.</span> <span class='ocrx_word' id='word_1_112' title='bbox 1216 1580 1271 1640; x_wconf 82' lang='lat'>359.</span> 
     </span>
     <span class='ocr_line' id='line_1_15' title="bbox 214 1648 1271 1712; baseline -0.006 -14"><span class='ocrx_word' id='word_1_113' title='bbox 214 1650 263 1698; x_wconf 85' lang='lat' dir='ltr'>Sed</span> <span class='ocrx_word' id='word_1_114' title='bbox 274 1667 327 1706; x_wconf 82' lang='lat' dir='ltr'>ore,</span> <span class='ocrx_word' id='word_1_115' title='bbox 337 1666 375 1705; x_wconf 88' lang='lat' dir='ltr'>se,</span> <span class='ocrx_word' id='word_1_116' title='bbox 385 1649 464 1712; x_wconf 78' lang='lat' dir='ltr'>effert,</span> <span class='ocrx_word' id='word_1_117' title='bbox 474 1651 555 1710; x_wconf 86' lang='lat' dir='ltr'>ingens</span> <span class='ocrx_word' id='word_1_118' title='bbox 572 1652 616 1695; x_wconf 80' lang='lat' dir='ltr'>riri</span> <span class='ocrx_word' id='word_1_119' title='bbox 630 1665 715 1711; x_wconf 89' lang='lat' dir='ltr'>corpus</span> <span class='ocrx_word' id='word_1_120' title='bbox 729 1648 813 1694; x_wconf 86' lang='lat' dir='ltr'>melius</span> <span class='ocrx_word' id='word_1_121' title='bbox 829 1649 944 1704; x_wconf 87' lang='lat' dir='ltr'>declarat;</span> <span class='ocrx_word' id='word_1_122' title='bbox 961 1662 987 1695; x_wconf 91' lang='lat' dir='ltr'>ut</span> <span class='ocrx_word' id='word_1_123' title='bbox 998 1665 1084 1695; x_wconf 79' lang='lat' dir='ltr'>morse</span> <span class='ocrx_word' id='word_1_124' title='bbox 1098 1648 1161 1696; x_wconf 83' lang='lat' dir='ltr'>tollit.</span> <span class='ocrx_word' id='word_1_125' title='bbox 1176 1675 1207 1684; x_wconf 87' lang='lat'>-</span> <span class='ocrx_word' id='word_1_126' title='bbox 1217 1650 1271 1711; x_wconf 82' lang='lat'>369.</span> 
     </span>
     <span class='ocr_line' id='line_1_16' title="bbox 214 1720 1273 1785; baseline -0.002 -14"><span class='ocrx_word' id='word_1_127' title='bbox 214 1741 240 1772; x_wconf 84' lang='lat' dir='ltr'>se</span> <span class='ocrx_word' id='word_1_128' title='bbox 257 1739 349 1769; x_wconf 80' lang='lat' dir='ltr'>munere</span> <span class='ocrx_word' id='word_1_129' title='bbox 366 1720 566 1768; x_wconf 72' lang='lat' dir='ltr'>t.hinil}01h.-</span> <span class='ocrx_word' id='word_1_130' title='bbox 580 1723 633 1784; x_wconf 85' lang='lat'>370.</span> <span class='ocrx_word' id='word_1_131' title='bbox 646 1722 768 1767; x_wconf 79' lang='lat' dir='ltr'>extendere</span> <span class='ocrx_word' id='word_1_132' title='bbox 780 1721 893 1768; x_wconf 87' lang='lat' dir='ltr'>Montalb.</span> <span class='ocrx_word' id='word_1_133' title='bbox 903 1749 935 1759; x_wconf 91' lang='lat'>-</span> <span class='ocrx_word' id='word_1_134' title='bbox 945 1723 998 1785; x_wconf 85' lang='lat'>371.</span> <span class='ocrx_word' id='word_1_135' title='bbox 1016 1721 1112 1768; x_wconf 81' lang='lat' dir='ltr'>accubet</span> <span class='ocrx_word' id='word_1_136' title='bbox 1125 1722 1233 1769; x_wconf 79' lang='lat' dir='ltr'>Parrhas-</span> <span class='ocrx_word' id='word_1_137' title='bbox 1249 1735 1273 1769; x_wconf 92' lang='lat' dir='ltr'>et</span> 
     </span>
    </p>
   </div>
   <div class='ocr_carea' id='block_1_5' title="bbox 215 1792 788 1858">
    <p class='ocr_par' dir='ltr' id='par_1_10' title="bbox 215 1792 788 1858">
     <span class='ocr_line' id='line_1_17' title="bbox 215 1792 788 1858; baseline -0.005 -18"><span class='ocrx_word' id='word_1_138' title='bbox 215 1795 307 1858; x_wconf 80' lang='lat' dir='ltr'>aliquot</span> <span class='ocrx_word' id='word_1_139' title='bbox 318 1796 379 1839; x_wconf 86' lang='lat' dir='ltr'>Pier.</span> <span class='ocrx_word' id='word_1_140' title='bbox 390 1792 487 1838; x_wconf 81' lang='lat' dir='ltr'>occubat</span> <span class='ocrx_word' id='word_1_141' title='bbox 495 1792 519 1839; x_wconf 89' lang='lat' dir='ltr'>b.</span> <span class='ocrx_word' id='word_1_142' title='bbox 535 1793 551 1838; x_wconf 89' lang='lat' dir='ltr'>l.</span> <span class='ocrx_word' id='word_1_143' title='bbox 564 1810 608 1855; x_wconf 88' lang='lat' dir='ltr'>pro</span> <span class='ocrx_word' id='word_1_144' title='bbox 620 1794 704 1857; x_wconf 78' lang='lat' dir='ltr'>cubat,</span> <span class='ocrx_word' id='word_1_145' title='bbox 717 1795 788 1855; x_wconf 87' lang='lat' dir='ltr'>jacet.</span> 
     </span>
    </p>
   </div>
   <div class='ocr_carea' id='block_1_6' title="bbox 213 1900 720 4130">
    <p class='ocr_par' dir='ltr' id='par_1_11' title="bbox 213 1900 720 4130">
     <span class='ocr_line' id='line_1_18' title="bbox 215 1900 717 1974; baseline -0.006 -21"><span class='ocrx_word' id='word_1_146' title='bbox 215 1922 257 1974; x_wconf 89' lang='lat' dir='ltr'>pr.</span> <span class='ocrx_word' id='word_1_147' title='bbox 276 1914 302 1953; x_wconf 91' lang='lat' dir='ltr'>et</span> <span class='ocrx_word' id='word_1_148' title='bbox 314 1901 449 1952; x_wconf 85' lang='lat' dir='ltr'>Theocrit.</span> <span class='ocrx_word' id='word_1_149' title='bbox 463 1900 538 1972; x_wconf 80' lang='lat' dir='ltr'>ldyll.</span> <span class='ocrx_word' id='word_1_150' title='bbox 556 1902 629 1951; x_wconf 82' lang='lat' dir='ltr'>XXII</span> <span class='ocrx_word' id='word_1_151' title='bbox 649 1914 717 1951; x_wconf 88' lang='lat' dir='ltr'>trae·</span> 
     </span>
     <span class='ocr_line' id='line_1_19' title="bbox 215 1979 717 2052; baseline -0.004 -19"><span class='ocrx_word' id='word_1_152' title='bbox 215 1993 281 2033; x_wconf 84' lang='lat' dir='ltr'>tato.</span> <span class='ocrx_word' id='word_1_153' title='bbox 295 1980 435 2052; x_wconf 73' lang='lat' dir='ltr'>Virgilium</span> <span class='ocrx_word' id='word_1_154' title='bbox 446 1983 524 2032; x_wconf 89' lang='lat' dir='ltr'>unice</span> <span class='ocrx_word' id='word_1_155' title='bbox 533 1981 654 2050; x_wconf 87' lang='lat' dir='ltr'>sequitur</span> <span class='ocrx_word' id='word_1_156' title='bbox 661 1979 717 2031; x_wconf 88' lang='lat' dir='ltr'>Stn·</span> 
     </span>
     <span class='ocr_line' id='line_1_20' title="bbox 215 2060 717 2130; baseline -0.002 -20"><span class='ocrx_word' id='word_1_157' title='bbox 215 2063 270 2112; x_wconf 88' lang='lat' dir='ltr'>tius</span> <span class='ocrx_word' id='word_1_158' title='bbox 290 2060 375 2112; x_wconf 84' lang='lat' dir='ltr'>Theb.</span> <span class='ocrx_word' id='word_1_159' title='bbox 404 2061 453 2124; x_wconf 79' lang='lat' dir='ltr'>Vl,</span> <span class='ocrx_word' id='word_1_160' title='bbox 477 2060 527 2129; x_wconf 69' lang='lat'>249</span> <span class='ocrx_word' id='word_1_161' title='bbox 549 2077 608 2130; x_wconf 88' lang='lat' dir='ltr'>sqq.</span> <span class='ocrx_word' id='word_1_162' title='bbox 631 2060 717 2110; x_wconf 84' lang='lat' dir='ltr'>Poetae</span> 
     </span>
     <span class='ocr_line' id='line_1_21' title="bbox 216 2138 716 2209; baseline -0.01 -16"><span class='ocrx_word' id='word_1_163' title='bbox 216 2140 337 2193; x_wconf 88' lang='lat' dir='ltr'>studium</span> <span class='ocrx_word' id='word_1_164' title='bbox 346 2141 374 2190; x_wconf 93' lang='lat' dir='ltr'>in</span> <span class='ocrx_word' id='word_1_165' title='bbox 383 2141 504 2191; x_wconf 91' lang='lat' dir='ltr'>oratione</span> <span class='ocrx_word' id='word_1_166' title='bbox 512 2138 641 2190; x_wconf 86' lang='lat' dir='ltr'>varianda</span> <span class='ocrx_word' id='word_1_167' title='bbox 651 2157 716 2209; x_wconf 91' lang='lat' dir='ltr'>cog-</span> 
     </span>
     <span class='ocr_line' id='line_1_22' title="bbox 217 2217 718 2289; baseline -0.008 -18"><span class='ocrx_word' id='word_1_168' title='bbox 217 2238 299 2272; x_wconf 80' lang='lat' dir='ltr'>nosce</span> <span class='ocrx_word' id='word_1_169' title='bbox 314 2222 394 2272; x_wconf 87' lang='lat' dir='ltr'>etiam</span> <span class='ocrx_word' id='word_1_170' title='bbox 411 2221 438 2270; x_wconf 93' lang='lat' dir='ltr'>in</span> <span class='ocrx_word' id='word_1_171' title='bbox 457 2218 520 2283; x_wconf 84' lang='lat' dir='ltr'>illo,</span> <span class='ocrx_word' id='word_1_172' title='bbox 539 2217 612 2289; x_wconf 89' lang='lat' dir='ltr'>qnod</span> <span class='ocrx_word' id='word_1_173' title='bbox 629 2218 718 2270; x_wconf 89' lang='lat' dir='ltr'>dicere</span> 
     </span>
     <span class='ocr_line' id='line_1_23' title="bbox 215 2299 720 2370; baseline -0.01 -17"><span class='ocrx_word' id='word_1_174' title='bbox 215 2302 303 2353; x_wconf 87' lang='lat' dir='ltr'>noluit</span> <span class='ocrx_word' id='word_1_175' title='bbox 315 2300 429 2370; x_wconf 80' lang='lat' dir='ltr'>confecti</span> <span class='ocrx_word' id='word_1_176' title='bbox 441 2318 528 2351; x_wconf 78' lang='lat' dir='ltr'>cursus</span> <span class='ocrx_word' id='word_1_177' title='bbox 544 2310 570 2349; x_wconf 85' lang='lat' dir='ltr'>et</span> <span class='ocrx_word' id='word_1_178' title='bbox 581 2299 649 2349; x_wconf 84' lang='lat' dir='ltr'>dona</span> <span class='ocrx_word' id='word_1_179' title='bbox 658 2317 720 2369; x_wconf 83' lang='lat' dir='ltr'>per-</span> 
     </span>
     <span class='ocr_line' id='line_1_24' title="bbox 214 2380 718 2451; baseline -0.008 -18"><span class='ocrx_word' id='word_1_180' title='bbox 214 2393 282 2434; x_wconf 83' lang='lat' dir='ltr'>aeta.</span> <span class='ocrx_word' id='word_1_181' title='bbox 307 2381 413 2432; x_wconf 84' lang='lat' dir='ltr'>animus</span> <span class='ocrx_word' id='word_1_182' title='bbox 435 2398 546 2451; x_wconf 75' lang='lat' dir='ltr'>presens</span> <span class='ocrx_word' id='word_1_183' title='bbox 561 2380 671 2449; x_wconf 88' lang='lat' dir='ltr'>proprie</span> <span class='ocrx_word' id='word_1_184' title='bbox 690 2380 718 2429; x_wconf 92' lang='lat' dir='ltr'>in</span> 
     </span>
     <span class='ocr_line' id='line_1_25' title="bbox 215 2458 718 2530; baseline -0.01 -17"><span class='ocrx_word' id='word_1_185' title='bbox 215 2462 385 2525; x_wconf 85' lang='lat' dir='ltr'>discrimine,</span> <span class='ocrx_word' id='word_1_186' title='bbox 412 2462 457 2530; x_wconf 91' lang='lat' dir='ltr'>qui</span> <span class='ocrx_word' id='word_1_187' title='bbox 488 2461 544 2510; x_wconf 88' lang='lat' dir='ltr'>sine</span> <span class='ocrx_word' id='word_1_188' title='bbox 574 2458 718 2528; x_wconf 89' lang='lat' dir='ltr'>perturba-</span> 
     </span>
     <span class='ocr_line' id='line_1_26' title="bbox 215 2537 717 2610; baseline -0.012 -18"><span class='ocrx_word' id='word_1_189' title='bbox 215 2543 304 2604; x_wconf 87' lang='lat' dir='ltr'>tione,</span> <span class='ocrx_word' id='word_1_190' title='bbox 327 2538 463 2610; x_wconf 89' lang='lat' dir='ltr'>quomodo</span> <span class='ocrx_word' id='word_1_191' title='bbox 484 2537 604 2608; x_wconf 90' lang='lat' dir='ltr'>periculo</span> <span class='ocrx_word' id='word_1_192' title='bbox 625 2556 717 2588; x_wconf 89' lang='lat' dir='ltr'>occur-</span> 
     </span>
     <span class='ocr_line' id='line_1_27' title="bbox 216 2616 715 2685; baseline -0.012 -14"><span class='ocrx_word' id='word_1_193' title='bbox 216 2634 272 2685; x_wconf 76' lang='lat' dir='ltr'>rat,</span> <span class='ocrx_word' id='word_1_194' title='bbox 288 2633 333 2671; x_wconf 84' lang='lat' dir='ltr'>aut</span> <span class='ocrx_word' id='word_1_195' title='bbox 351 2619 455 2670; x_wconf 84' lang='lat' dir='ltr'>hostem</span> <span class='ocrx_word' id='word_1_196' title='bbox 473 2619 614 2681; x_wconf 82' lang='lat' dir='ltr'>sustineat,</span> <span class='ocrx_word' id='word_1_197' title='bbox 634 2616 715 2668; x_wconf 88' lang='lat' dir='ltr'>videt.</span> 
     </span>
     <span class='ocr_line' id='line_1_28' title="bbox 215 2694 716 2770; baseline -0.014 -18"><span class='ocrx_word' id='word_1_198' title='bbox 215 2701 303 2752; x_wconf 86' lang='lat' dir='ltr'>Debet</span> <span class='ocrx_word' id='word_1_199' title='bbox 324 2701 404 2770; x_wconf 87' lang='lat' dir='ltr'>igitur</span> <span class='ocrx_word' id='word_1_200' title='bbox 423 2716 483 2748; x_wconf 87' lang='lat' dir='ltr'>mox</span> <span class='ocrx_word' id='word_1_201' title='bbox 501 2697 609 2747; x_wconf 89' lang='lat' dir='ltr'>omnino</span> <span class='ocrx_word' id='word_1_202' title='bbox 629 2694 716 2746; x_wconf 88' lang='lat' dir='ltr'>dictus</span> 
     </span>
     <span class='ocr_line' id='line_1_29' title="bbox 216 2775 717 2850; baseline -0.018 -18"><span class='ocrx_word' id='word_1_203' title='bbox 216 2797 274 2832; x_wconf 87' lang='lat' dir='ltr'>esse</span> <span class='ocrx_word' id='word_1_204' title='bbox 287 2797 336 2850; x_wconf 93' lang='lat' dir='ltr'>pro</span> <span class='ocrx_word' id='word_1_205' title='bbox 350 2779 442 2841; x_wconf 76' lang='lat' dir='ltr'>fortis,</span> <span class='ocrx_word' id='word_1_206' title='bbox 453 2790 482 2828; x_wconf 92' lang='lat' dir='ltr'>ut</span> <span class='ocrx_word' id='word_1_207' title='bbox 492 2777 520 2828; x_wconf 85' lang='lat' dir='ltr'>h.</span> <span class='ocrx_word' id='word_1_208' title='bbox 535 2777 552 2826; x_wconf 90' lang='lat' dir='ltr'>l.</span> <span class='ocrx_word' id='word_1_209' title='bbox 564 2777 598 2827; x_wconf 89' lang='lat' dir='ltr'>cf.</span> <span class='ocrx_word' id='word_1_210' title='bbox 613 2777 676 2825; x_wconf 88' lang='lat' dir='ltr'>Var.</span> <span class='ocrx_word' id='word_1_211' title='bbox 687 2775 717 2824; x_wconf 92' lang='lat' dir='ltr'>L.</span> 
     </span>
     <span class='ocr_line' id='line_1_30' title="bbox 215 2859 718 2927; baseline -0.01 -17"><span class='ocrx_word' id='word_1_212' title='bbox 215 2859 285 2911; x_wconf 87' lang='lat' dir='ltr'>adsit</span> <span class='ocrx_word' id='word_1_213' title='bbox 297 2861 318 2909; x_wconf 93' lang='lat' dir='ltr'>is</span> <span class='ocrx_word' id='word_1_214' title='bbox 332 2870 357 2909; x_wconf 88' lang='lat' dir='ltr'>et</span> <span class='ocrx_word' id='word_1_215' title='bbox 370 2870 443 2908; x_wconf 88' lang='lat' dir='ltr'>cestu</span> <span class='ocrx_word' id='word_1_216' title='bbox 461 2868 578 2927; x_wconf 77' lang='lat' dir='ltr'>pugnet:</span> <span class='ocrx_word' id='word_1_217' title='bbox 597 2867 624 2906; x_wconf 87' lang='lat' dir='ltr'>at</span> <span class='ocrx_word' id='word_1_218' title='bbox 638 2873 718 2924; x_wconf 89' lang='lat' dir='ltr'>quam</span> 
     </span>
     <span class='ocr_line' id='line_1_31' title="bbox 216 2934 718 3006; baseline -0.012 -17"><span class='ocrx_word' id='word_1_219' title='bbox 216 2942 323 2990; x_wconf 78' lang='lat' dir='ltr'>ornate!</span> <span class='ocrx_word' id='word_1_220' title='bbox 338 2937 446 2988; x_wconf 83' lang='lat' dir='ltr'>evinctis</span> <span class='ocrx_word' id='word_1_221' title='bbox 453 2934 550 3006; x_wconf 83' lang='lat' dir='ltr'>palmis</span> <span class='ocrx_word' id='word_1_222' title='bbox 560 2934 616 2986; x_wconf 87' lang='lat' dir='ltr'>scil.</span> <span class='ocrx_word' id='word_1_223' title='bbox 630 2947 718 3001; x_wconf 76' lang='lat' dir='ltr'>cestu,</span> 
     </span>
     <span class='ocr_line' id='line_1_32' title="bbox 214 3015 718 3087; baseline -0.014 -15"><span class='ocrx_word' id='word_1_224' title='bbox 214 3019 335 3083; x_wconf 84' lang='lat' dir='ltr'>attollat,</span> <span class='ocrx_word' id='word_1_225' title='bbox 349 3032 378 3071; x_wconf 90' lang='lat' dir='ltr'>ut</span> <span class='ocrx_word' id='word_1_226' title='bbox 391 3017 471 3086; x_wconf 66' lang='lat' dir='ltr'>deipsis</span> <span class='ocrx_word' id='word_1_227' title='bbox 483 3035 541 3067; x_wconf 89' lang='lat' dir='ltr'>voc.</span> <span class='ocrx_word' id='word_1_228' title='bbox 561 3034 652 3087; x_wconf 86' lang='lat' dir='ltr'>propr.</span> <span class='ocrx_word' id='word_1_229' title='bbox 665 3015 718 3066; x_wconf 88' lang='lat' dir='ltr'>hae</span> 
     </span>
     <span class='ocr_line' id='line_1_33' title="bbox 214 3095 716 3164; baseline -0.016 -12"><span class='ocrx_word' id='word_1_230' title='bbox 214 3101 243 3152; x_wconf 85' lang='lat' dir='ltr'>in</span> <span class='ocrx_word' id='word_1_231' title='bbox 255 3120 292 3150; x_wconf 82' lang='lat' dir='ltr'>re.</span> <span class='ocrx_word' id='word_1_232' title='bbox 308 3098 432 3150; x_wconf 80' lang='lat' dir='ltr'>honorem</span> <span class='ocrx_word' id='word_1_233' title='bbox 444 3116 469 3147; x_wconf 86' lang='lat' dir='ltr'>v.</span> <span class='ocrx_word' id='word_1_234' title='bbox 483 3095 564 3146; x_wconf 90' lang='lat' dir='ltr'>modo</span> <span class='ocrx_word' id='word_1_235' title='bbox 578 3095 612 3147; x_wconf 89' lang='lat' dir='ltr'>ad</span> <span class='ocrx_word' id='word_1_236' title='bbox 619 3114 643 3146; x_wconf 67' lang='lat' dir='ltr'>V·</span> <span class='ocrx_word' id='word_1_237' title='bbox 656 3095 716 3164; x_wconf 70' lang='grc'><strong>349.</strong></span> 
     </span>
     <span class='ocr_line' id='line_1_34' title="bbox 214 3175 716 3247; baseline -0.01 -19"><span class='ocrx_word' id='word_1_238' title='bbox 214 3178 352 3242; x_wconf 80' lang='lat' dir='ltr'>velatum,</span> <span class='ocrx_word' id='word_1_239' title='bbox 377 3189 501 3227; x_wconf 89' lang='lat' dir='ltr'>ornatum</span> <span class='ocrx_word' id='word_1_240' title='bbox 520 3175 530 3244; x_wconf 93' lang='lat'>(</span> <span class='ocrx_word' id='word_1_241' title='bbox 547 3195 606 3247; x_wconf 85' lang='lat' dir='ltr'>sup.</span> <span class='ocrx_word' id='word_1_242' title='bbox 634 3176 669 3228; x_wconf 90' lang='lat' dir='ltr'>ad</span> <span class='ocrx_word' id='word_1_243' title='bbox 691 3193 716 3224; x_wconf 83' lang='lat' dir='ltr'>v.</span> 
     </span>
     <span class='ocr_line' id='line_1_35' title="bbox 216 3256 717 3328; baseline -0.004 -20"><span class='ocrx_word' id='word_1_244' title='bbox 216 3274 249 3326; x_wconf 83' lang='lat'>72</span> <span class='ocrx_word' id='word_1_245' title='bbox 265 3257 289 3325; x_wconf 73' lang='lat' dir='ltr'>l,</span> <span class='ocrx_word' id='word_1_246' title='bbox 302 3275 367 3306; x_wconf 85' lang='lat' dir='ltr'>auro</span> <span class='ocrx_word' id='word_1_247' title='bbox 380 3256 520 3328; x_wconf 83' lang='lat' dir='ltr'>vittisque,</span> <span class='ocrx_word' id='word_1_248' title='bbox 538 3274 585 3306; x_wconf 89' lang='lat' dir='ltr'>sen</span> <span class='ocrx_word' id='word_1_249' title='bbox 597 3257 663 3307; x_wconf 89' lang='lat' dir='ltr'>vitta</span> <span class='ocrx_word' id='word_1_250' title='bbox 676 3256 717 3306; x_wconf 92' lang='lat' dir='ltr'>la-</span> 
     </span>
     <span class='ocr_line' id='line_1_36' title="bbox 214 3335 719 3397; baseline -0.012 -6"><span class='ocrx_word' id='word_1_251' title='bbox 214 3338 302 3390; x_wconf 89' lang='lat' dir='ltr'>mellis</span> <span class='ocrx_word' id='word_1_252' title='bbox 313 3338 399 3389; x_wconf 89' lang='lat' dir='ltr'>aureis</span> <span class='ocrx_word' id='word_1_253' title='bbox 414 3335 552 3397; x_wconf 89' lang='lat' dir='ltr'>distincta;</span> <span class='ocrx_word' id='word_1_254' title='bbox 566 3354 613 3388; x_wconf 91' lang='lat' dir='ltr'>seu</span> <span class='ocrx_word' id='word_1_255' title='bbox 623 3350 652 3387; x_wconf 91' lang='lat' dir='ltr'>ut</span> <span class='ocrx_word' id='word_1_256' title='bbox 662 3355 719 3387; x_wconf 89' lang='lat' dir='ltr'>eor-</span> 
     </span>
     <span class='ocr_line' id='line_1_37' title="bbox 215 3420 718 3480; baseline -0.008 -8"><span class='ocrx_word' id='word_1_257' title='bbox 215 3439 271 3472; x_wconf 90' lang='lat' dir='ltr'>nua</span> <span class='ocrx_word' id='word_1_258' title='bbox 284 3430 377 3471; x_wconf 85' lang='lat' dir='ltr'>aurata</span> <span class='ocrx_word' id='word_1_259' title='bbox 389 3420 456 3480; x_wconf 90' lang='lat' dir='ltr'>sint;</span> <span class='ocrx_word' id='word_1_260' title='bbox 469 3420 541 3468; x_wconf 89' lang='lat' dir='ltr'>vittis</span> <span class='ocrx_word' id='word_1_261' title='bbox 561 3420 658 3470; x_wconf 90' lang='lat' dir='ltr'>cervici</span> <span class='ocrx_word' id='word_1_262' title='bbox 671 3421 718 3469; x_wconf 92' lang='lat' dir='ltr'>im-</span> 
     </span>
     <span class='ocr_line' id='line_1_38' title="bbox 215 3500 717 3573; baseline -0.002 -22"><span class='ocrx_word' id='word_1_263' title='bbox 215 3501 325 3573; x_wconf 72' lang='lat' dir='ltr'>positis,</span> <span class='ocrx_word' id='word_1_264' title='bbox 346 3501 398 3550; x_wconf 91' lang='lat' dir='ltr'>ritu</span> <span class='ocrx_word' id='word_1_265' title='bbox 426 3500 566 3570; x_wconf 83' lang='lat' dir='ltr'>religioso⁷</span> <span class='ocrx_word' id='word_1_266' title='bbox 589 3503 669 3551; x_wconf 88' lang='lat' dir='ltr'>etiam</span> <span class='ocrx_word' id='word_1_267' title='bbox 690 3501 717 3550; x_wconf 90' lang='lat' dir='ltr'>in</span> 
     </span>
     <span class='ocr_line' id='line_1_39' title="bbox 215 3579 718 3644; baseline -0.004 -12"><span class='ocrx_word' id='word_1_268' title='bbox 215 3582 395 3632; x_wconf 89' lang='lat' dir='ltr'>monumentis</span> <span class='ocrx_word' id='word_1_269' title='bbox 420 3579 515 3644; x_wconf 87' lang='lat' dir='ltr'>obvio,</span> <span class='ocrx_word' id='word_1_270' title='bbox 538 3591 568 3629; x_wconf 91' lang='lat' dir='ltr'>ut</span> <span class='ocrx_word' id='word_1_271' title='bbox 595 3581 623 3629; x_wconf 90' lang='lat' dir='ltr'>in</span> <span class='ocrx_word' id='word_1_272' title='bbox 654 3598 718 3630; x_wconf 90' lang='lat' dir='ltr'>arcu</span> 
     </span>
     <span class='ocr_line' id='line_1_40' title="bbox 213 3659 681 3728; baseline -0.009 -16"><span class='ocrx_word' id='word_1_273' title='bbox 213 3661 277 3723; x_wconf 71' lang='lat' dir='ltr'>Titi.</span> <span class='ocrx_word' id='word_1_274' title='bbox 291 3662 362 3712; x_wconf 88' lang='lat' dir='ltr'>conf.</span> <span class='ocrx_word' id='word_1_275' title='bbox 376 3659 447 3711; x_wconf 90' lang='lat' dir='ltr'>Serv.</span> <span class='ocrx_word' id='word_1_276' title='bbox 462 3672 487 3710; x_wconf 89' lang='lat' dir='ltr'>et</span> <span class='ocrx_word' id='word_1_277' title='bbox 497 3659 544 3709; x_wconf 86' lang='lat' dir='ltr'>inf.</span> <span class='ocrx_word' id='word_1_278' title='bbox 558 3659 681 3728; x_wconf 78' lang='lat' dir='ltr'><strong>1x‚627:</strong></span> 
     </span>
     <span class='ocr_line' id='line_1_41' title="bbox 251 3737 715 3808; baseline -0.013 -15"><span class='ocrx_word' id='word_1_279' title='bbox 251 3741 302 3793; x_wconf 88' lang='lat'>368</span> <span class='ocrx_word' id='word_1_280' title='bbox 313 3770 347 3778; x_wconf 93' lang='lat'>—-</span> <span class='ocrx_word' id='word_1_281' title='bbox 357 3739 418 3808; x_wconf 87' lang='lat'>377.</span> <span class='ocrx_word' id='word_1_282' title='bbox 429 3740 537 3788; x_wconf 87' lang='lat' dir='ltr'>Homer.</span> <span class='ocrx_word' id='word_1_283' title='bbox 548 3737 565 3787; x_wconf 95' lang='lat' dir='ltr'>l.</span> <span class='ocrx_word' id='word_1_284' title='bbox 578 3757 600 3788; x_wconf 90' lang='lat' dir='ltr'>e.</span> <span class='ocrx_word' id='word_1_285' title='bbox 612 3738 665 3804; x_wconf 75' lang='lat'>664</span> <span class='ocrx_word' id='word_1_286' title='bbox 675 3756 715 3808; x_wconf 87' lang='lat' dir='ltr'>sq.</span> 
     </span>
     <span class='ocr_line' id='line_1_42' title="bbox 214 3817 716 3890; baseline -0.006 -19"><span class='ocrx_word' id='word_1_287' title='bbox 214 3853 250 3862; x_wconf 90' lang='lat'>-</span> <span class='ocrx_word' id='word_1_288' title='bbox 262 3821 322 3890; x_wconf 81' lang='lat'>370.</span> <span class='ocrx_word' id='word_1_289' title='bbox 336 3820 424 3882; x_wconf 74' lang='lat' dir='ltr'>Paris,</span> <span class='ocrx_word' id='word_1_290' title='bbox 440 3817 520 3887; x_wconf 91' lang='lat' dir='ltr'>vulgo</span> <span class='ocrx_word' id='word_1_291' title='bbox 534 3835 584 3887; x_wconf 89' lang='lat' dir='ltr'>pro</span> <span class='ocrx_word' id='word_1_292' title='bbox 599 3817 716 3883; x_wconf 78' lang='lat' dir='ltr'>imbelli,</span> 
     </span>
     <span class='ocr_line' id='line_1_43' title="bbox 214 3897 715 3974; baseline -0.014 -19"><span class='ocrx_word' id='word_1_293' title='bbox 214 3897 715 3974; x_wconf 82' lang='lat' dir='ltr'>ignavoetmulierosolrominehaberi</span> 
     </span>
     <span class='ocr_line' id='line_1_44' title="bbox 215 3977 716 4047; baseline -0.008 -13"><span class='ocrx_word' id='word_1_294' title='bbox 215 3983 323 4044; x_wconf 83' lang='lat' dir='ltr'>solitus,</span> <span class='ocrx_word' id='word_1_295' title='bbox 345 3997 395 4030; x_wconf 88' lang='lat' dir='ltr'>nee</span> <span class='ocrx_word' id='word_1_296' title='bbox 408 3978 480 4047; x_wconf 83' lang='lat' dir='ltr'>apud</span> <span class='ocrx_word' id='word_1_297' title='bbox 490 3977 634 4030; x_wconf 89' lang='lat' dir='ltr'>llomcrum</span> <span class='ocrx_word' id='word_1_298' title='bbox 644 3980 716 4030; x_wconf 89' lang='lat' dir='ltr'>omni</span> 
     </span>
     <span class='ocr_line' id='line_1_45' title="bbox 216 4057 716 4130; baseline -0.002 -17"><span class='ocrx_word' id='word_1_299' title='bbox 216 4064 313 4114; x_wconf 85' lang='lat' dir='ltr'>virtute</span> <span class='ocrx_word' id='word_1_300' title='bbox 331 4071 458 4130; x_wconf 42' lang='lat' dir='ltr'>caretgut</span> <span class='ocrx_word' id='word_1_301' title='bbox 473 4057 549 4109; x_wconf 83' lang='lat' dir='ltr'>lliad.</span> <span class='ocrx_word' id='word_1_302' title='bbox 563 4077 580 4123; x_wconf 71' lang='lat' dir='ltr'>p</span> <span class='ocrx_word' id='word_1_303' title='bbox 592 4060 618 4109; x_wconf 92' lang='lat' dir='ltr'>in</span> <span class='ocrx_word' id='word_1_304' title='bbox 633 4072 716 4112; x_wconf 86' lang='lat' dir='ltr'>terta·</span> 
     </span>
    </p>
   </div>
   <div class='ocr_carea' id='block_1_7' title="bbox 764 1898 1275 4121">
    <p class='ocr_par' dir='ltr' id='par_1_12' title="bbox 764 1898 1275 4121">
     <span class='ocr_line' id='line_1_46' title="bbox 766 1898 1271 1970; baseline -0.004 -20"><span class='ocrx_word' id='word_1_305' title='bbox 766 1902 836 1952; x_wconf 90' lang='lat' dir='ltr'>mine</span> <span class='ocrx_word' id='word_1_306' title='bbox 848 1921 908 1953; x_wconf 88' lang='lat' dir='ltr'>eum</span> <span class='ocrx_word' id='word_1_307' title='bbox 920 1901 1059 1967; x_wconf 81' lang='lat' dir='ltr'>Menelao,</span> <span class='ocrx_word' id='word_1_308' title='bbox 1072 1921 1095 1960; x_wconf 83' lang='lat' dir='ltr'>s,</span> <span class='ocrx_word' id='word_1_309' title='bbox 1107 1898 1159 1968; x_wconf 85' lang='lat'>765</span> <span class='ocrx_word' id='word_1_310' title='bbox 1172 1917 1232 1970; x_wconf 84' lang='lat' dir='ltr'>sqq.</span> <span class='ocrx_word' id='word_1_311' title='bbox 1244 1915 1271 1956; x_wconf 72' lang='lat' dir='ltr'>n,</span> 
     </span>
     <span class='ocr_line' id='line_1_47' title="bbox 767 1979 1273 2050; baseline -0.004 -20"><span class='ocrx_word' id='word_1_312' title='bbox 767 1979 818 2031; x_wconf 88' lang='lat'>580</span> <span class='ocrx_word' id='word_1_313' title='bbox 835 1994 862 2032; x_wconf 92' lang='lat' dir='ltr'>et</span> <span class='ocrx_word' id='word_1_314' title='bbox 883 1981 933 2045; x_wconf 89' lang='lat' dir='ltr'>al.‚</span> <span class='ocrx_word' id='word_1_315' title='bbox 956 1999 973 2032; x_wconf 87' lang='lat' dir='ltr'>a</span> <span class='ocrx_word' id='word_1_316' title='bbox 992 1981 1080 2050; x_wconf 88' lang='lat' dir='ltr'>poetis</span> <span class='ocrx_word' id='word_1_317' title='bbox 1099 1991 1189 2030; x_wconf 88' lang='lat' dir='ltr'>tamen</span> <span class='ocrx_word' id='word_1_318' title='bbox 1208 1991 1273 2048; x_wconf 88' lang='lat' dir='ltr'>post</span> 
     </span>
     <span class='ocr_line' id='line_1_48' title="bbox 767 2059 1272 2128; baseline 0.002 -19"><span class='ocrx_word' id='word_1_319' title='bbox 767 2061 912 2111; x_wconf 89' lang='lat' dir='ltr'>Homerum</span> <span class='ocrx_word' id='word_1_320' title='bbox 936 2060 1020 2110; x_wconf 88' lang='lat' dir='ltr'>multo</span> <span class='ocrx_word' id='word_1_321' title='bbox 1044 2061 1147 2128; x_wconf 85' lang='lat' dir='ltr'>majore</span> <span class='ocrx_word' id='word_1_322' title='bbox 1173 2059 1272 2110; x_wconf 87' lang='lat' dir='ltr'>virtute</span> 
     </span>
     <span class='ocr_line' id='line_1_49' title="bbox 767 2139 1272 2211; baseline -0.002 -21"><span class='ocrx_word' id='word_1_323' title='bbox 767 2140 908 2211; x_wconf 88' lang='lat' dir='ltr'>insignitus</span> <span class='ocrx_word' id='word_1_324' title='bbox 937 2153 989 2202; x_wconf 87' lang='lat' dir='ltr'>est;</span> <span class='ocrx_word' id='word_1_325' title='bbox 1016 2141 1044 2190; x_wconf 90' lang='lat' dir='ltr'>in</span> <span class='ocrx_word' id='word_1_326' title='bbox 1076 2140 1173 2209; x_wconf 83' lang='lat' dir='ltr'>praeliis</span> <span class='ocrx_word' id='word_1_327' title='bbox 1199 2139 1272 2190; x_wconf 87' lang='lat' dir='ltr'>enim</span> 
     </span>
     <span class='ocr_line' id='line_1_50' title="bbox 768 2218 1274 2289; baseline 0 -21"><span class='ocrx_word' id='word_1_328' title='bbox 768 2232 830 2289; x_wconf 92' lang='lat' dir='ltr'>post</span> <span class='ocrx_word' id='word_1_329' title='bbox 848 2221 970 2272; x_wconf 87' lang='lat' dir='ltr'>Hectoris</span> <span class='ocrx_word' id='word_1_330' title='bbox 994 2221 1078 2270; x_wconf 84' lang='lat' dir='ltr'>latum</span> <span class='ocrx_word' id='word_1_331' title='bbox 1101 2218 1193 2280; x_wconf 85' lang='lat' dir='ltr'>factis,</span> <span class='ocrx_word' id='word_1_332' title='bbox 1219 2218 1274 2269; x_wconf 81' lang='lat' dir='ltr'>fre-</span> 
     </span>
     <span class='ocr_line' id='line_1_51' title="bbox 769 2296 1272 2368; baseline -0.002 -19"><span class='ocrx_word' id='word_1_333' title='bbox 769 2316 851 2368; x_wconf 86' lang='lat' dir='ltr'>quens</span> <span class='ocrx_word' id='word_1_334' title='bbox 867 2300 922 2367; x_wconf 90' lang='lat' dir='ltr'>ejus</span> <span class='ocrx_word' id='word_1_335' title='bbox 936 2311 975 2350; x_wconf 87' lang='lat' dir='ltr'>est</span> <span class='ocrx_word' id='word_1_336' title='bbox 991 2299 1127 2349; x_wconf 89' lang='lat' dir='ltr'>memoria.</span> <span class='ocrx_word' id='word_1_337' title='bbox 1141 2296 1272 2348; x_wconf 89' lang='lat' dir='ltr'>Certami-</span> 
     </span>
     <span class='ocr_line' id='line_1_52' title="bbox 768 2376 1271 2429; baseline -0.004 -1"><span class='ocrx_word' id='word_1_338' title='bbox 768 2377 846 2428; x_wconf 84' lang='lat' dir='ltr'>nihus</span> <span class='ocrx_word' id='word_1_339' title='bbox 858 2390 946 2429; x_wconf 88' lang='lat' dir='ltr'>autem</span> <span class='ocrx_word' id='word_1_340' title='bbox 959 2377 1065 2429; x_wconf 86' lang='lat' dir='ltr'>inclitus</span> <span class='ocrx_word' id='word_1_341' title='bbox 1078 2378 1165 2428; x_wconf 86' lang='lat' dir='ltr'>lactus</span> <span class='ocrx_word' id='word_1_342' title='bbox 1177 2388 1219 2427; x_wconf 93' lang='lat' dir='ltr'>est</span> <span class='ocrx_word' id='word_1_343' title='bbox 1229 2376 1271 2426; x_wconf 89' lang='lat' dir='ltr'>vel</span> 
     </span>
     <span class='ocr_line' id='line_1_53' title="bbox 768 2458 1272 2528; baseline -0.008 -19"><span class='ocrx_word' id='word_1_344' title='bbox 768 2478 799 2510; x_wconf 82' lang='lat' dir='ltr'>ex</span> <span class='ocrx_word' id='word_1_345' title='bbox 810 2478 856 2523; x_wconf 73' lang='lat' dir='ltr'>eo,</span> <span class='ocrx_word' id='word_1_346' title='bbox 870 2459 960 2528; x_wconf 85' lang='lat' dir='ltr'>qnod,</span> <span class='ocrx_word' id='word_1_347' title='bbox 974 2461 1043 2509; x_wconf 90' lang='lat' dir='ltr'>inter</span> <span class='ocrx_word' id='word_1_348' title='bbox 1054 2469 1176 2528; x_wconf 90' lang='lat' dir='ltr'>pastores</span> <span class='ocrx_word' id='word_1_349' title='bbox 1187 2458 1272 2507; x_wconf 90' lang='lat' dir='ltr'>nutri·</span> 
     </span>
     <span class='ocr_line' id='line_1_54' title="bbox 767 2538 1270 2608; baseline -0.006 -20"><span class='ocrx_word' id='word_1_350' title='bbox 767 2551 809 2588; x_wconf 93' lang='lat' dir='ltr'>tus</span> <span class='ocrx_word' id='word_1_351' title='bbox 818 2557 901 2608; x_wconf 92' lang='lat' dir='ltr'>quum</span> <span class='ocrx_word' id='word_1_352' title='bbox 906 2552 984 2602; x_wconf 82' lang='lat' dir='ltr'>esset,</span> <span class='ocrx_word' id='word_1_353' title='bbox 991 2539 1134 2589; x_wconf 83' lang='lat' dir='ltr'>certamine</span> <span class='ocrx_word' id='word_1_354' title='bbox 1143 2538 1270 2588; x_wconf 84' lang='lat' dir='ltr'>aPriamo</span> 
     </span>
     <span class='ocr_line' id='line_1_55' title="bbox 766 2616 1272 2690; baseline -0.006 -21"><span class='ocrx_word' id='word_1_355' title='bbox 766 2621 887 2669; x_wconf 89' lang='lat' dir='ltr'>instituto</span> <span class='ocrx_word' id='word_1_356' title='bbox 909 2621 1013 2690; x_wconf 91' lang='lat' dir='ltr'>agnitus</span> <span class='ocrx_word' id='word_1_357' title='bbox 1034 2630 1087 2681; x_wconf 73' lang='lat' dir='ltr'>est,</span> <span class='ocrx_word' id='word_1_358' title='bbox 1101 2616 1164 2668; x_wconf 92' lang='lat' dir='ltr'>dum</span> <span class='ocrx_word' id='word_1_359' title='bbox 1179 2616 1272 2667; x_wconf 84' lang='lat' dir='ltr'>omnia</span> 
     </span>
     <span class='ocr_line' id='line_1_56' title="bbox 766 2690 1273 2764; baseline -0.008 -14"><span class='ocrx_word' id='word_1_360' title='bbox 766 2700 845 2764; x_wconf 85' lang='lat' dir='ltr'>vicit,</span> <span class='ocrx_word' id='word_1_361' title='bbox 870 2696 934 2751; x_wconf 67' lang='lat' dir='ltr'>rarsi</span> <span class='ocrx_word' id='word_1_362' title='bbox 956 2695 1039 2752; x_wconf 63' lang='grc' dir='ltr'>πάντα</span> <span class='ocrx_word' id='word_1_363' title='bbox 1062 2690 1149 2757; x_wconf 66' lang='grc' dir='ltr'>ἆθλα,</span> <span class='ocrx_word' id='word_1_364' title='bbox 1173 2710 1203 2748; x_wconf 89' lang='lat' dir='ltr'>ut</span> <span class='ocrx_word' id='word_1_365' title='bbox 1232 2709 1273 2748; x_wconf 90' lang='lat' dir='ltr'>est</span> 
     </span>
     <span class='ocr_line' id='line_1_57' title="bbox 769 2775 1270 2850; baseline -0.002 -19"><span class='ocrx_word' id='word_1_366' title='bbox 769 2778 841 2850; x_wconf 83' lang='lat' dir='ltr'>apud</span> <span class='ocrx_word' id='word_1_367' title='bbox 853 2781 947 2850; x_wconf 77' lang='lat' dir='ltr'>Hygin.</span> <span class='ocrx_word' id='word_1_368' title='bbox 965 2778 1020 2830; x_wconf 84' lang='lat' dir='ltr'>fab.</span> <span class='ocrx_word' id='word_1_369' title='bbox 1041 2795 1089 2847; x_wconf 73' lang='lat'>91,</span> <span class='ocrx_word' id='word_1_370' title='bbox 1103 2791 1129 2829; x_wconf 90' lang='lat' dir='ltr'>et</span> <span class='ocrx_word' id='word_1_371' title='bbox 1148 2776 1204 2828; x_wconf 88' lang='lat' dir='ltr'>fab.</span> <span class='ocrx_word' id='word_1_372' title='bbox 1220 2775 1270 2846; x_wconf 73' lang='lat'>273</span> 
     </span>
     <span class='ocr_line' id='line_1_58' title="bbox 767 2857 1270 2930; baseline 0 -21"><span class='ocrx_word' id='word_1_373' title='bbox 767 2878 829 2930; x_wconf 87' lang='lat' dir='ltr'>pag.</span> <span class='ocrx_word' id='word_1_374' title='bbox 839 2859 899 2911; x_wconf 80' lang='lat'><strong>322.</strong></span> <span class='ocrx_word' id='word_1_375' title='bbox 911 2859 1004 2910; x_wconf 85' lang='lat' dir='ltr'>Evenit</span> <span class='ocrx_word' id='word_1_376' title='bbox 1013 2858 1066 2909; x_wconf 91' lang='lat' dir='ltr'>hoc</span> <span class='ocrx_word' id='word_1_377' title='bbox 1075 2859 1101 2908; x_wconf 90' lang='lat' dir='ltr'>in</span> <span class='ocrx_word' id='word_1_378' title='bbox 1110 2857 1180 2908; x_wconf 92' lang='lat' dir='ltr'>ludis</span> <span class='ocrx_word' id='word_1_379' title='bbox 1191 2858 1270 2910; x_wconf 86' lang='lat' dir='ltr'>fune-</span> 
     </span>
     <span class='ocr_line' id='line_1_59' title="bbox 767 2939 1272 3009; baseline 0.002 -21"><span class='ocrx_word' id='word_1_380' title='bbox 767 2939 875 3003; x_wconf 80' lang='lat' dir='ltr'>bribus,</span> <span class='ocrx_word' id='word_1_381' title='bbox 895 2957 961 3009; x_wconf 92' lang='lat' dir='ltr'>quos</span> <span class='ocrx_word' id='word_1_382' title='bbox 977 2940 1001 2989; x_wconf 91' lang='lat' dir='ltr'>ei</span> <span class='ocrx_word' id='word_1_383' title='bbox 1019 2950 1097 3008; x_wconf 90' lang='lat' dir='ltr'>pater</span> <span class='ocrx_word' id='word_1_384' title='bbox 1113 2939 1272 3007; x_wconf 83' lang='lat' dir='ltr'>pronuntia·</span> 
     </span>
     <span class='ocr_line' id='line_1_60' title="bbox 767 3007 1273 3088; baseline -0.004 -17"><span class='ocrx_word' id='word_1_385' title='bbox 767 3007 853 3071; x_wconf 77' lang='lat' dir='ltr'>verat.¹</span> <span class='ocrx_word' id='word_1_386' title='bbox 861 3019 1003 3070; x_wconf 92' lang='lat' dir='ltr'>Probabile</span> <span class='ocrx_word' id='word_1_387' title='bbox 1016 3018 1045 3068; x_wconf 87' lang='lat' dir='ltr'>lit</span> <span class='ocrx_word' id='word_1_388' title='bbox 1057 3019 1091 3069; x_wconf 90' lang='lat' dir='ltr'>ab</span> <span class='ocrx_word' id='word_1_389' title='bbox 1107 3018 1198 3088; x_wconf 89' lang='lat' dir='ltr'>aliquo</span> <span class='ocrx_word' id='word_1_390' title='bbox 1207 3019 1273 3069; x_wconf 89' lang='lat' dir='ltr'>Tra-</span> 
     </span>
     <span class='ocr_line' id='line_1_61' title="bbox 767 3099 1270 3170; baseline -0.004 -21"><span class='ocrx_word' id='word_1_391' title='bbox 767 3101 827 3170; x_wconf 87' lang='lat' dir='ltr'>gico</span> <span class='ocrx_word' id='word_1_392' title='bbox 842 3099 961 3151; x_wconf 76' lang='lat' dir='ltr'>fabulam</span> <span class='ocrx_word' id='word_1_393' title='bbox 970 3101 1006 3149; x_wconf 87' lang='lat' dir='ltr'>ita</span> <span class='ocrx_word' id='word_1_394' title='bbox 1015 3099 1270 3150; x_wconf 83' lang='lat' dir='ltr'>exornatnminisse.</span> 
     </span>
     <span class='ocr_line' id='line_1_62' title="bbox 767 3179 1273 3250; baseline -0.002 -20"><span class='ocrx_word' id='word_1_395' title='bbox 767 3181 856 3246; x_wconf 87' lang='lat' dir='ltr'>Quum</span> <span class='ocrx_word' id='word_1_396' title='bbox 863 3199 925 3231; x_wconf 81' lang='lat' dir='ltr'>vero</span> <span class='ocrx_word' id='word_1_397' title='bbox 935 3181 961 3230; x_wconf 89' lang='lat' dir='ltr'>in</span> <span class='ocrx_word' id='word_1_398' title='bbox 970 3179 1222 3231; x_wconf 87' lang='lat' dir='ltr'>omnicertaminum</span> <span class='ocrx_word' id='word_1_399' title='bbox 1229 3198 1273 3250; x_wconf 54' lang='lat' dir='ltr'>ges</span> 
     </span>
     <span class='ocr_line' id='line_1_63' title="bbox 768 3258 1271 3329; baseline -0.006 -18"><span class='ocrx_word' id='word_1_400' title='bbox 768 3280 831 3311; x_wconf 90' lang='lat' dir='ltr'>nere</span> <span class='ocrx_word' id='word_1_401' title='bbox 841 3261 960 3321; x_wconf 80' lang='lat' dir='ltr'>vicisset3</span> <span class='ocrx_word' id='word_1_402' title='bbox 974 3261 1053 3311; x_wconf 89' lang='lat' dir='ltr'>etiam</span> <span class='ocrx_word' id='word_1_403' title='bbox 1069 3258 1192 3329; x_wconf 73' lang='lat' dir='ltr'>pugilatu</span> <span class='ocrx_word' id='word_1_404' title='bbox 1209 3277 1271 3309; x_wconf 89' lang='lat' dir='ltr'>eum</span> 
     </span>
     <span class='ocr_line' id='line_1_64' title="bbox 768 3336 1272 3407; baseline -0.008 -16"><span class='ocrx_word' id='word_1_405' title='bbox 768 3341 861 3391; x_wconf 70' lang='lat' dir='ltr'>uicisse.</span> <span class='ocrx_word' id='word_1_406' title='bbox 874 3351 1043 3400; x_wconf 81' lang='lat' dir='ltr'>necessees13</span> <span class='ocrx_word' id='word_1_407' title='bbox 1055 3339 1135 3389; x_wconf 84' lang='lat' dir='ltr'>etiam</span> <span class='ocrx_word' id='word_1_408' title='bbox 1146 3336 1272 3407; x_wconf 79' lang='lat' dir='ltr'>pugilatu</span> 
     </span>
     <span class='ocr_line' id='line_1_65' title="bbox 769 3416 1273 3491; baseline -0.01 -20"><span class='ocrx_word' id='word_1_409' title='bbox 769 3416 896 3471; x_wconf 81' lang='lat' dir='ltr'>excellere</span> <span class='ocrx_word' id='word_1_410' title='bbox 909 3420 997 3491; x_wconf 85' lang='lat' dir='ltr'>potuit</span> <span class='ocrx_word' id='word_1_411' title='bbox 1009 3420 1036 3469; x_wconf 91' lang='lat' dir='ltr'>in</span> <span class='ocrx_word' id='word_1_412' title='bbox 1047 3419 1134 3488; x_wconf 89' lang='lat' dir='ltr'>poetis</span> <span class='ocrx_word' id='word_1_413' title='bbox 1147 3416 1273 3486; x_wconf 88' lang='lat' dir='ltr'>deperdi-</span> 
     </span>
     <span class='ocr_line' id='line_1_66' title="bbox 767 3483 1274 3567; baseline -0.004 -18"><span class='ocrx_word' id='word_1_414' title='bbox 767 3501 809 3549; x_wconf 92' lang='lat' dir='ltr'>tis.</span> <span class='ocrx_word' id='word_1_415' title='bbox 821 3529 855 3537; x_wconf 95' lang='lat'>—</span> <span class='ocrx_word' id='word_1_416' title='bbox 865 3497 925 3567; x_wconf 88' lang='lat'><strong>371.</strong></span> <span class='ocrx_word' id='word_1_417' title='bbox 938 3498 1006 3549; x_wconf 90' lang='lat' dir='ltr'>Ludi</span> <span class='ocrx_word' id='word_1_418' title='bbox 1020 3497 1147 3548; x_wconf 86' lang='lat' dir='ltr'>funebres</span> <span class='ocrx_word' id='word_1_419' title='bbox 1159 3498 1187 3547; x_wconf 90' lang='lat' dir='ltr'>in</span> <span class='ocrx_word' id='word_1_420' title='bbox 1200 3483 1274 3547; x_wconf 69' lang='lat' dir='ltr'>Hec-r</span> 
     </span>
     <span class='ocr_line' id='line_1_67' title="bbox 767 3574 1273 3641; baseline -0.002 -14"><span class='ocrx_word' id='word_1_421' title='bbox 767 3581 832 3630; x_wconf 90' lang='lat' dir='ltr'>toris</span> <span class='ocrx_word' id='word_1_422' title='bbox 844 3578 974 3631; x_wconf 89' lang='lat' dir='ltr'>honorem</span> <span class='ocrx_word' id='word_1_423' title='bbox 986 3578 1087 3641; x_wconf 90' lang='lat' dir='ltr'>habiti,</span> <span class='ocrx_word' id='word_1_424' title='bbox 1100 3574 1164 3628; x_wconf 82' lang='lat' dir='ltr'>nu&#39;m</span> <span class='ocrx_word' id='word_1_425' title='bbox 1178 3576 1212 3627; x_wconf 89' lang='lat' dir='ltr'>ab</span> <span class='ocrx_word' id='word_1_426' title='bbox 1226 3578 1273 3628; x_wconf 82' lang='lat' dir='ltr'>iis-¹</span> 
     </span>
     <span class='ocr_line' id='line_1_68' title="bbox 768 3650 1272 3729; baseline -0.004 -19"><span class='ocrx_word' id='word_1_427' title='bbox 768 3658 828 3711; x_wconf 87' lang='lat' dir='ltr'>dem</span> <span class='ocrx_word' id='word_1_428' title='bbox 841 3652 927 3729; x_wconf 77' lang='lat' dir='ltr'>poetis</span> <span class='ocrx_word' id='word_1_429' title='bbox 946 3660 1084 3710; x_wconf 90' lang='lat' dir='ltr'>memorati</span> <span class='ocrx_word' id='word_1_430' title='bbox 1101 3650 1272 3729; x_wconf 32' lang='lat' dir='ltr'>fuerint‚&#39;·an</span> 
     </span>
     <span class='ocr_line' id='line_1_69' title="bbox 766 3737 1274 3810; baseline -0.016 -19"><span class='ocrx_word' id='word_1_431' title='bbox 766 3739 883 3809; x_wconf 79' lang='lat' dir='ltr'>Virgilii</span> <span class='ocrx_word' id='word_1_432' title='bbox 896 3740 1002 3810; x_wconf 88' lang='lat' dir='ltr'>ingenio</span> <span class='ocrx_word' id='word_1_433' title='bbox 1027 3737 1189 3800; x_wconf 61' lang='lat' dir='ltr'>dehenntum</span> <span class='ocrx_word' id='word_1_434' title='bbox 1214 3743 1274 3793; x_wconf 76' lang='lat' dir='ltr'>non&#39;</span> 
     </span>
     <span class='ocr_line' id='line_1_70' title="bbox 766 3814 1275 3880; baseline -0.01 -11"><span class='ocrx_word' id='word_1_435' title='bbox 766 3818 854 3870; x_wconf 82' lang='lat' dir='ltr'>habeo</span> <span class='ocrx_word' id='word_1_436' title='bbox 864 3818 961 3879; x_wconf 86' lang='lat' dir='ltr'>dicere.</span> <span class='ocrx_word' id='word_1_437' title='bbox 972 3816 1115 3868; x_wconf 86' lang='lat' dir='ltr'>Probabile</span> <span class='ocrx_word' id='word_1_438' title='bbox 1124 3829 1214 3866; x_wconf 88' lang='lat' dir='ltr'>tamen</span> <span class='ocrx_word' id='word_1_439' title='bbox 1224 3814 1254 3865; x_wconf 88' lang='lat' dir='ltr'>fit</span> <span class='ocrx_word' id='word_1_440' title='bbox 1261 3815 1275 3880; x_wconf 67' lang='lat'>‚¹</span> 
     </span>
     <span class='ocr_line' id='line_1_71' title="bbox 766 3888 1272 3968; baseline -0.008 -19"><span class='ocrx_word' id='word_1_441' title='bbox 766 3918 780 3949; x_wconf 90' lang='lat' dir='ltr'>e</span> <span class='ocrx_word' id='word_1_442' title='bbox 804 3888 915 3968; x_wconf 80' lang='lat' dir='ltr'>Cyclicis</span> <span class='ocrx_word' id='word_1_443' title='bbox 935 3899 1025 3968; x_wconf 83' lang='lat' dir='ltr'>&#39;poetis</span> <span class='ocrx_word' id='word_1_444' title='bbox 1050 3909 1076 3948; x_wconf 89' lang='lat' dir='ltr'>ct</span> <span class='ocrx_word' id='word_1_445' title='bbox 1098 3895 1148 3946; x_wconf 88' lang='lat' dir='ltr'>hos</span> <span class='ocrx_word' id='word_1_446' title='bbox 1170 3897 1272 3965; x_wconf 89' lang='lat' dir='ltr'>petitos</span> 
     </span>
     <span class='ocr_line' id='line_1_72' title="bbox 765 3968 1272 4047; baseline -0.006 -19"><span class='ocrx_word' id='word_1_447' title='bbox 765 3994 832 4028; x_wconf 84' lang='lat' dir='ltr'>esse.</span> <span class='ocrx_word' id='word_1_448' title='bbox 845 3977 891 4026; x_wconf 88' lang='lat' dir='ltr'>Est</span> <span class='ocrx_word' id='word_1_449' title='bbox 911 3968 1018 4047; x_wconf 87' lang='lat' dir='ltr'>quoque</span> <span class='ocrx_word' id='word_1_450' title='bbox 1037 3976 1177 4046; x_wconf 88' lang='lat' dir='ltr'>vestigium</span> <span class='ocrx_word' id='word_1_451' title='bbox 1191 3976 1230 4025; x_wconf 87' lang='lat' dir='ltr'>rei</span> <span class='ocrx_word' id='word_1_452' title='bbox 1243 3976 1272 4025; x_wconf 89' lang='lat' dir='ltr'>in</span> 
     </span>
     <span class='ocr_line' id='line_1_73' title="bbox 764 4053 1272 4121; baseline -0.01 -12"><span class='ocrx_word' id='word_1_453' title='bbox 764 4058 862 4110; x_wconf 78' lang='lat' dir='ltr'>Dareta</span> <span class='ocrx_word' id='word_1_454' title='bbox 877 4057 917 4109; x_wconf 85' lang='lat'>25.</span> <span class='ocrx_word' id='word_1_455' title='bbox 932 4055 1055 4107; x_wconf 80' lang='lat' dir='ltr'>Priamus</span> <span class='ocrx_word' id='word_1_456' title='bbox 1071 4053 1210 4121; x_wconf 78' lang='lat' dir='ltr'>Hectorem</span> <span class='ocrx_word' id='word_1_457' title='bbox 1224 4070 1272 4106; x_wconf 85' lang='lat' dir='ltr'>suo</span> 
     </span>
    </p>
   </div>
   <div class='ocr_carea' id='block_1_8' title="bbox 0 0 1340 4822">
    <p class='ocr_par' dir='ltr' id='par_1_13' title="bbox 0 0 1340 4822">
     <span class='ocr_line' id='line_1_74' title="bbox 0 0 1340 4822; baseline 0 0"><span class='ocrx_word' id='word_1_458' title='bbox 0 0 1340 4822; x_wconf 95' lang='lat' dir='ltr'> </span> 
     </span>
    </p>
   </div>
  </div>
 </body>
</html>
