2670 4822
236 372 279 454 46
486 367 520 432 r.
545 365 779 432 1111161111
802 365 1035 434 nsnours

233 492 340 558 Multa
352 491 413 556 viri
425 489 653 580 nequidquam
665 490 752 553 inter
763 511 798 554 se
811 490 945 554 volnera
953 490 1092 581 jactant,

203 589 205 592 ¹
233 599 341 664 Multa
353 620 433 664 cavo
445 597 538 662 lateri
551 597 769 684 ingeminant,
783 612 817 660 ot
828 613 963 683 pectore
977 615 1086 663 vastos

69 4424 226 4536 ἢ

235 705 324 768 Dant
336 705 479 782 sonitus;
493 719 647 791 erratque
659 703 748 767 auris
761 718 794 766 et
805 719 958 791 tempora
968 705 1093 770 circum
1243 717 1289 776 435

234 811 359 875 Crebra
371 832 506 889 manus,
520 807 604 873 duro
617 809 781 895 crepitant
792 809 854 874 sub
866 811 1002 875 volnere
1013 812 1118 876 malae.

234 917 303 982 Stat
315 919 421 1006 gravis
435 916 598 995 Entellus,
612 915 754 1003 nisuque
766 916 911 982 inmotus
924 916 1044 982 eodem

234 1027 382 1112 Corpore
396 1023 460 1088 tela
471 1020 574 1086 modo
585 1037 685 1109 atque
698 1021 802 1086 oculis
815 1023 1026 1110 vigilantibus
1039 1026 1115 1090 exit.

233 1132 308 1211 llle,
322 1132 414 1195 velut
426 1129 547 1194 celsam
559 1145 730 1215 oppugnat
742 1130 800 1217 qui
812 1128 955 1196 molibus
968 1129 1100 1212 urbem,

233 1242 300 1302 Aut
311 1253 468 1302 montana
480 1233 575 1299 sedet
586 1234 712 1298 circum
724 1236 856 1300 castella
868 1236 930 1301 sub
942 1238 1056 1318 armis,
1243 1251 1290 1310 4411

234 1346 331 1409 Nunc
343 1343 419 1422 hos,
434 1364 523 1406 nunc
535 1340 609 1404 illos
620 1339 744 1420 aditae,
758 1365 959 1432 omnemque
971 1361 1120 1433 pererrat

234 1454 313 1514 Arte
325 1450 451 1527 locum,
465 1465 498 1511 et
509 1448 607 1511 variis
619 1444 803 1513 adsultibus
816 1449 933 1516 inritus
946 1469 1075 1539 urguet.

235 1553 390 1620 Ostendit
402 1552 549 1618 dextram
562 1553 736 1641 insurgens
748 1555 912 1636 Entellus,
927 1574 960 1622 et
971 1557 1036 1622 alte

235 1661 377 1740 Extulit,
391 1660 445 1724 ille
458 1661 561 1725 ictum
573 1661 763 1724 venientem
774 1684 794 1728 a
805 1663 928 1728 vortice
940 1664 1037 1728 velox

236 1766 403 1845 Praevidit‚
418 1765 585 1855 celerique
599 1766 729 1853 elapsus
741 1789 882 1856 corpore
894 1771 1010 1834 cessit:
1243 1784 1291 1842 445

237 1874 386 1939 Entellus
398 1872 486 1937 vires
499 1873 533 1935 in
546 1889 684 1936 ventum
696 1872 834 1953 afrodin
848 1890 881 1939 et
893 1876 995 1956 ultro,
1089 1888 1093 1893 ’

235 2055 257 2086 ra
269 2057 305 2087 res
313 2052 354 2087 est.
367 2055 420 2085 acer
426 2037 538 2086 anhelitus
548 2038 650 2104 Probum
660 2038 716 2085 olim
726 2057 779 2086 cnm
790 2041 841 2088 aliis
850 2042 889 2089 hie
898 2043 1020 2100 maluisse,
1032 2060 1061 2090 ex
1071 2032 1166 2091 Sdholio
1175 2047 1251 2092 Servii
1262 2047 1290 2091 P.

234 2110 338 2157 Danielis
349 2122 430 2156 monet
442 2111 558 2155 Heinsius.
571 2109 689 2167 Quantum
702 2122 779 2157 tamen
790 2114 839 2174 ipse
855 2115 937 2171 video,
949 2130 996 2161 non
1007 2115 1031 2161 h.
1045 2115 1075 2172 1.,
1088 2115 1130 2162 sed
1141 2116 1185 2161 suh
1197 2117 1215 2161 f.
1234 2116 1290 2163 libri

235 2184 304 2237 noui,
316 2184 348 2226 ita
360 2179 395 2226 illi
403 2179 481 2242 legere
491 2178 632 2225 maluerunt.
641 2181 711 2245 AEqer
719 2180 832 2229 anhelitus
841 2219 847 2240 ‚
855 2188 897 2247 qui
907 2202 967 2248 aegre
977 2186 1085 2233 trahitur.
1092 2212 1123 2222 -
1130 2186 1184 2243 434.
1196 2196 1292 2250 pectora

236 2255 294 2301 alter
311 2253 407 2308 llamb„
423 2268 472 2298 non
483 2251 553 2297 male.
564 2261 654 2315 pectore
665 2263 728 2301 vasto
738 2256 776 2302 ed.
787 2257 813 2300 P.
824 2258 936 2304 Danielis.
948 2258 1039 2316 -435Ι
1050 2261 1115 2305 Dant
1126 2263 1224 2325 gentines
1241 2275 1289 2308 aec.

235 2324 345 2371 Rottend.
356 2332 477 2387 errantque
488 2322 566 2368 crebra
580 2340 661 2369 monus
672 2326 748 2383 Ven.,
761 2328 826 2390 quod
836 2330 933 2376 Heinsio
949 2330 1063 2393 placuisse
1073 2331 1142 2379 facile
1154 2335 1289 2396 suspiceris.

235 2395 327 2452 -436,
338 2396 402 2441 duroe
409 2394 499 2440 Zulich.
510 2411 523 2440 a
533 2411 563 2440 m.
577 2410 623 2441 sec.
633 2395 725 2460 -437,
736 2402 836 2463 nixuque
847 2403 907 2448 Ven.
916 2405 1002 2467 nasusq.
1015 2404 1080 2449 llom.
1090 2402 1183 2460 -4311
1200 2403 1289 2452 Vulne-

235 2483 274 2521 ra,
288 2466 344 2522 telo,
356 2470 425 2521 ictus,
436 2483 456 2512 o.
465 2483 487 2511 υ.
502 2466 571 2512 Goth.
583 2466 650 2522 alter,
662 2470 811 2532 interpolate.
822 2499 854 2508 -
863 2473 916 2534 439.
929 2477 1007 2538 quim.
1019 2491 1094 2521 arcem
1103 2479 1181 2539 Sprot.
1190 2502 1223 2513 -
1234 2475 1288 2534 441.
1308 2526 1313 2535 ,

235 2537 304 2582 Nunc
315 2535 378 2592 illos,
391 2552 451 2582 nunc
461 2535 501 2583 hos
512 2539 591 2594 llum,
602 2553 661 2584 nunc
672 2539 711 2586 hos
719 2575 726 2595 ,
734 2557 794 2588 nunc
803 2541 860 2590 alios
869 2560 904 2606 pr.
916 2545 1093 2603 11111111-441.
1103 2545 1226 2593 assultibus
1235 2560 1289 2594 tert.

235 2607 346 2652 Rotteud.
353 2634 385 2643 —
393 2606 448 2663 443.
458 2607 576 2653 Protendit
585 2625 629 2654 eur.
640 2611 774 2657 Wakefield
784 2613 839 2660 Silv.
850 2618 901 2660 crit.
915 2616 940 2660 P.
952 2617 992 2672 lV,
1002 2633 1026 2678 p.
1040 2615 1091 2674 141,
1101 2615 1166 2679 quod
1174 2633 1227 2663 voc.
1237 2633 1290 2680 pro·

235 2679 313 2738 prium
324 2691 372 2724 est:
384 2691 509 2740 potestque
517 2678 576 2726 adeo
589 2692 612 2726 et
622 2683 698 2743 ipsum
708 2683 764 2729 ferri
770 2701 778 2740 ς
787 2699 899 2732 nouvero
910 2687 1020 2733 substitui
1028 2689 1182 2750 exquisitiori.
1194 2687 1287 2746 -446.

235 2748 333 2812 effundit
342 2750 432 2814 aliquot
443 2751 504 2797 Pier.

233 2887 261 2940 h.
274 2888 291 2939 l.
301 2888 484 2960 praeludendo.
497 2891 643 2946 immiscent
654 2897 737 2945 mani·
785 2911 879 2951 contra
896 2900 991 2972 agilior
1007 2918 1129 2972 corpore.
1148 2899 1203 2952 tela
1216 2902 1287 2968 exit,

235 2969 397 3036 bastitanus,
408 2987 553 3025 conserunt
563 2975 737 3045 manusffla-
784 2987 835 3039 pro
847 2972 963 3044 vulgari,
976 2975 1044 3024 ictus
1054 2984 1147 3037 cavet,
1159 2971 1290 3039 declinat,

234 3049 259 3102 le
273 3049 344 3103 Serv.
366 3051 385 3122 ).
409 3054 508 3123 pedum
530 3052 625 3106 melior
644 3065 734 3105 motu:
785 3052 880 3117 evitat,
902 3052 994 3104 eludit.
1018 3053 1187 3105 Vocabulum
1212 3057 1240 3107 iu
1259 3072 1289 3106 re

233 3131 301 3183 Sunt
311 3134 381 3184 enim
402 3133 574 3188 hauddubie
591 3138 737 3206 etiampe-
785 3131 945 3203 gladiatoria
970 3136 1124 3204 proprium,
1154 3147 1184 3185 ut
1211 3133 1289 3186 multi

234 3210 298 3262 dum
310 3215 439 3280 partcsin
454 3215 590 3286 pugilatu,
605 3215 736 3268 evitandis
786 3228 922 3264 m0nuere·
940 3212 1019 3263 Vidd.
1040 3211 1126 3264 Corda
1149 3226 1175 3265 et
1197 3215 1287 3265 Burin.

234 3291 341 3342 ictibus.
354 3292 408 3343 vid.
426 3292 490 3345 Stat.
511 3295 595 3348 Theb.
616 3297 665 3364 vl,
686 3296 738 3366 794
787 3291 821 3342 cf.
837 3292 885 3342 inf.
898 3293 949 3355 XI,
969 3291 1028 3362 750.
1048 3292 1101 3342 vim
1120 3292 1220 3346 viribus
1236 3293 1292 3346 exit

235 3388 274 3441 sq.
288 3371 393 3438 -433Ι
414 3373 524 3426 vulnera
545 3394 596 3446 pro
616 3376 736 3447 vulgari,
786 3369 850 3423 Stat.
864 3372 898 3423 Vl
911 3372 996 3425 Theb.
1019 3373 1079 3424 802.
1104 3374 1173 3425 Ecce
1192 3374 1290 3425 iterum

235 3452 315 3510 ictu„
326 3451 408 3503 hosv,
420 3454 471 3520 434
481 3446 578 3521 ..3436
588 3474 636 3526 per
645 3465 736 3526 partes
787 3451 926 3502 immodice
933 3453 1080 3504 venientem
1092 3451 1189 3518 eludit,
1199 3465 1226 3505 et
1236 3453 1292 3505 exit

235 3540 382 3609 enumgrat.
395 3535 430 3585 cf.
444 3535 571 3605 Apollon.
587 3537 627 3599 11,
644 3535 676 3586 81
696 3554 735 3606 sq.
784 3531 882 3601 Sponte
893 3550 970 3585 ruens
988 3553 1136 3606 mersusque
1155 3532 1289 3594 humeris5

234 3610 319 3662 Aures
336 3612 457 3684 pugilum
474 3615 565 3666 fractae
580 3633 611 3666 ac
628 3614 736 3666 tumidae
784 3611 939 3681 effunditur
949 3611 997 3665 itte
1008 3616 1041 3665 In
1053 3624 1141 3685 caput.

235 3709 266 3742 ex
277 3690 330 3741 hoc
344 3693 418 3763 ipso,
433 3694 506 3764 qnod
519 3712 596 3746 aures
608 3707 737 3765 petuntur
820 3695 850 3744 ln
873 3712 924 3746 sss.
950 3697 1126 3766 439-441,
1144 3695 1290 3767 splendida

234 3770 331 3823 ictibus
350 3773 485 3844 pugilum,
500 3787 570 3825 notae
586 3793 658 3841 nunc
675 3788 737 3826 sunt
786 3777 952 3845 comparatio
966 3795 981 3828 a
997 3794 1026 3828 re
1042 3776 1128 3828 multo
1144 3778 1248 3845 majore
1262 3789 1290 3829 et

233 3849 736 3907 exWinchelmanuiobservationem·
784 3857 922 3926 graviore:
937 3857 1137 3928 oppugnatione
1154 3857 1230 3908 urbis
1246 3856 1291 3910 vel

232 3949 283 4003 per
293 3928 415 3996 uariapu'e
424 3929 459 3986 rai
469 3925 528 3985 aire.
785 3936 887 3988 castelli
900 3935 1012 3988 molibus
1018 3974 1027 4002 ,
1037 3936 1168 3988 machinis
1180 3966 1216 3976 -
1226 3937 1289 4005 444.

269 4009 329 4079 437.
349 4011 409 4077 438.
425 4014 514 4085 gravis
530 4027 606 4066 aetate
623 4028 649 4066 et
665 4015 735 4067 mole
784 4036 800 4066 a
814 4017 907 4068 vertice
916 4055 924 4081 ,
938 4017 1067 4088 desuper,
1078 4036 1102 4068 v.
1114 4017 1289 4090 adllGeorg.

236 4090 369 4162 corporis;
388 4093 422 4143 cf.
444 4093 648 4163 111444711111
668 4094 736 4147 alter
786 4094 846 4148 310.
860 4094 963 4165 elapsus
972 4097 1059 4163 cessit,
1071 4097 1201 4160 elabitur;
1216 4096 1292 4169 quod
