2670 4822
227 384 269 467 aa
469 382 503 447 r.
528 380 762 447 vruomu
786 383 1019 452 Manoms

226 508 269 570 Et
281 503 395 571 saevire
407 505 524 570 animis
537 505 705 569 Entellum
717 504 807 570 haud
820 528 934 594 passus
946 509 1086 588 acerbis,

226 612 291 679 Sed
304 612 404 676 finem
417 613 563 701 inposuit
575 634 709 700 pugnae,
723 612 915 701 fessumque
928 617 1049 679 Dareta

226 719 371 807 Eripuit,
384 719 533 783 mulcens
546 716 658 796 dictio,
672 740 710 782 ac
722 717 798 781 talia
810 719 913 782 fatur:

231 856 245 887 u
257 826 389 904 Infelix,
403 848 477 914 quac
490 840 580 887 tanta
590 824 739 887 animum
752 822 918 889 dementia
931 825 1040 914 cepit?

227 933 303 996 Non
315 932 401 994 vires
413 931 505 1009 aliua,
520 951 745 1018 conversaque
759 931 895 993 numina
907 931 1030 994 sentis?

229 1037 319 1103 Cede
330 1036 405 1114 deo.
419 1065 432 1094 n
448 1036 618 1123 Dixitque,
632 1051 666 1098 et
676 1035 788 1121 proclia
800 1058 882 1100 voce
895 1034 1038 1098 diremit.

228 1147 288 1208 Ast
299 1142 393 1206 illurn
406 1140 465 1205 fidi
478 1140 636 1229 aequaleS,
651 1163 758 1228 genua
770 1163 854 1228 aegra
867 1141 1067 1221 trahentem,

229 1252 480 1337 laetantemque
493 1263 636 1336 utroque
649 1262 762 1335 caput,
777 1269 989 1336 crassumque
1003 1269 1159 1312 cruorem

229 1358 296 1422 Ore
309 1355 518 1445 ejectantem,
532 1353 719 1440 mixtosque
732 1353 938 1439 insanguine
951 1351 1083 1432 dentes,

229 1468 365 1530 Ducunt
376 1459 417 1526 ad
430 1461 539 1540 navis,
552 1459 745 1548 galeamque
759 1482 940 1548 ensemque
952 1461 1060 1525 vocati

231 1570 426 1657 Adcipiuut:
440 1568 582 1654 palmam
596 1567 727 1631 Entello
740 1583 939 1654 taurumque
951 1566 1157 1655 relinquunt.
1227 1647 1230 1651 ¹

276 1677 339 1741 Hic
351 1677 469 1753 victor,
483 1696 642 1762 superans
654 1674 786 1753 animis,
800 1689 963 1761 tauroque
977 1673 1157 1762 superbus:

237 1784 343 1847 «Nate
356 1780 431 1861 dea,
445 1802 571 1868 vosque
584 1779 669 1859 haec,
685 1781 807 1869 inquit,
821 1780 1024 1866 cognoscite,
1038 1781 1177 1859 Teucri,

1239 1365 1288 1430 470

233 1975 359 2044 προβαίνειν
369 1977 492 2042 stipamine
503 1973 547 2026 nin
557 1969 634 2039 ὀργὰς.
642 2002 673 2012 -
680 1978 734 2033 463.
746 1980 839 2041 imponit
849 1976 939 2023 Zulich.
948 2003 980 2014 -·-
987 1975 1040 2035 464.
1054 1977 1181 2041 Corripuit,
1192 1981 1291 2026 miscens

234 2049 473 2114 Spret-dtiimnimi
481 2045 673 2102 Parmae—466.
681 2051 734 2093 Non
744 2049 841 2094 Oudart.
851 2051 914 2093 Num
919 2051 1050 2111 quoret.
1059 2062 1083 2095 et
1088 2048 1158 2094 Goth.
1167 2062 1221 2095 tert.
1229 2067 1290 2097 com·

233 2123 528 2187 missaqueGer.Vossiuse
539 2118 739 2167 codd.notavit.v.
752 2120 1172 2184 Euam-467.diritqueetvereorut
1184 2121 1288 2168 fulcrum

234 2196 312 2262 queab
321 2207 390 2258 poeta
402 2193 525 2253 sit-469.
535 2190 638 2254 ultroque
647 2191 715 2237 Goth.
727 2204 780 2238 tert.
791 2192 997 2256 utrnqnel'arrhas.
1010 2192 1182 2256 Quassantcmq.
1192 2202 1290 2259 utroque

234 2266 338 2314 Illacrob.
350 2266 391 2318 lv,
403 2266 449 2308 Sat.
465 2278 489 2317 1,
500 2274 525 2306 ut
537 2259 585 2305 Ecl.
596 2262 628 2315 X,
643 2263 670 2306 25
681 2261 788 2308 Silvanus
798 2261 1010 2325 Flsmntesfcrnlas
1018 2271 1042 2307 et
1050 2264 1146 2327 prandio
1158 2262 1206 2310 lilia
1214 2281 1289 2330 qnas-

235 2351 301 2391 snns,·
311 2333 352 2380 sed
362 2333 452 2378 diversa
465 2333 490 2375 in
502 2346 540 2384 re;
550 2342 573 2375 et
583 2329 612 2375 dc
622 2332 682 2375 irato
694 2336 814 2394 quassanti
820 2335 893 2396 capite
906 2349 933 2378 ex
946 2332 1028 2377 Plauto
1038 2334 1101 2377 Asin.
1114 2334 1147 2390 ll,
1157 2334 1184 2390 3,
1197 2334 1225 2381 23
1236 2334 1289 2380 lau·

235 2407 275 2452 dat
286 2407 364 2450 Burm.
377 2404 525 2464 Nutantemq.
540 2409 634 2464 utroque
644 2411 714 2464 caput
722 2405 785 2464 conj.
800 2404 893 2459 llcins.,
906 2405 944 2448 cui
959 2401 1097 2464 displicebat
1106 2406 1131 2448 in
1142 2404 1206 2450 binis
1217 2420 1288 2451 verat.

234 2475 529 2534 lactantem-ejectarum,
540 2497 570 2506 -
578 2471 632 2534 470.
644 2473 688 2518 Ore
699 2477 831 2537 ejectnntem
843 2476 951 2520 Heinsius
963 2486 1042 2519 tuctur
1057 2475 1172 2522 Macrobii
1184 2478 1288 2522 auctori·

235 2560 298 2603 tate,
308 2546 349 2591 lih.
363 2545 408 2600 IV,
423 2560 447 2599 1,
466 2560 536 2606 quam
548 2559 601 2606 pars
613 2544 682 2589 codd.
696 2546 779 2590 firmat.
797 2546 875 2607 Vulgo
893 2550 1049 2607 rejectantem,
1068 2545 1134 2608 quod
1148 2547 1288 2618 praefcrehat

236 2621 340 2671 Pierius,
350 2631 398 2678 quo
408 2613 491 2667 alludit
502 2617 527 2660 in
535 2615 610 2660 trihus
618 2616 696 2660 Burm.
707 2615 827 2661 nonnullis
837 2618 950 2662 Pierianis
960 2627 983 2661 et
995 2614 1064 2661 Goth.
1075 2631 1121 2661 sec.
1132 2619 1287 2679 rejectantem.

236 2690 291 2734 Orta
299 2687 348 2732 haec
358 2688 470 2746 scriptura
479 2701 506 2730 ex
516 2684 609 2749 syllaba
619 2688 807 2741 continuatione,
818 2687 894 2749 qualis
904 2690 929 2732 in
939 2687 1048 2732 Mediceo
1058 2698 1104 2741 est,
1112 2687 1288 2750 (injuriantem,

236 2761 261 2805 in
270 2756 393 2807 RouuAEOm
401 2759 537 2819 jactantem,-
548 2756 652 2802 Parthas.
662 2774 719 2804 vcro
728 2756 882 2819 interpolate,
893 2758 938 2802 Ore
947 2756 1102 2802 reluctantem.
1113 2759 1229 2822 mixtoque
1236 2762 1259 2803 in
1267 2774 1287 2804 s.

235 2828 322 2874 Medic.
333 2843 345 2872 a
357 2843 388 2871 m.
401 2842 450 2887 pn,
460 2827 525 2888 quod
535 2829 604 2872 etiam
615 2829 711 2874 Heinsio
721 2827 945 2891 arridebat—471.
956 2828 987 2873 ad
997 2842 1077 2872 novem
1088 2827 1187 2874 Dorvill.
1195 2828 1287 2892 -473,

237 2903 273 2948 Sic
284 2918 306 2946 v.
319 2917 355 2962 pr.
365 2899 450 2944 Moret.
464 2902 578 2962 murisque
590 2900 692 2962 superbis
701 2903 792 2963 Hagen.
803 2897 894 2962 -474,
904 2916 944 2946 vos
959 2915 1049 2964 qnoque
1064 2897 1111 2944 ἠως
1121 2898 1227 2947 Parthas.
1241 2899 1289 2946 lraec

238 3052 309 3124 quod
322 3050 438 3102 Achilles
458 3049 475 3100 l.
494 3070 515 3102 c.
535 3051 609 3102 lliad.
623 3052 657 3117 4,
675 3052 733 3121 734.

235 3163 271 3173 *-
283 3130 342 3198 465.
356 3129 396 3180 Cf.
408 3128 483 3179 lliad.
497 3151 524 3194 v,
544 3131 594 3182 332
610 3149 650 3201 sq.
669 3131 737 3202 infe-

238 3212 290 3276 iix,
316 3204 334 3260 ἶῖ
356 3205 423 3258 inti.
447 3209 511 3260 vires
537 3208 619 3275 alias,
648 3211 734 3280 simpl.

238 3311 318 3362 quarn
348 3300 491 3358 putaveras
515 3288 594 3358 hujus
621 3290 736 3342 hominis

239 3390 310 3433 esse,
322 3367 349 3418 h.
362 3387 384 3418 e.
404 3369 456 3417 tuis
474 3370 597 3437 majores,
617 3389 738 3420 conversa

238 3449 349 3502 stamina
367 3447 440 3516 quod
461 3449 645 3517 frequentius:
666 3469 739 3500 aver-

239 3549 298 3582 sum
318 3545 433 3591 numen,
457 3529 580 3596 proprie,
602 3529 738 3578 fortunam

240 3621 391 3660 certamrms
403 3618 541 3657 mutatam.

275 3687 327 3752 468
345 3703 384 3754 sq.
406 3685 447 3736 Cf.
468 3685 543 3736 lliad.
563 3686 595 3750 4,
614 3683 666 3753 695
683 3703 738 3754 sq.,

239 3766 287 3820 ubi
297 3766 358 3831 φίλοι
368 3764 391 3813 d'
405 3762 529 3831 ipodecani
543 3765 640 3830 incipet,
656 3765 688 3816 Οἳ
698 3786 738 3831 μιν

237 3846 297 3913 'ai'yor
307 3845 332 3894 dl
344 3844 440 3910 sipritus.
455 3841 620 3911 ὄφιλκομίνοιω
633 3842 738 3907 aridiora,

237 3921 307 3993 Ἀἷμα
329 3922 400 3990 παχὺ
418 3922 536 3986 madasca,
551 3922 607 3983 noina
624 3923 739 3986 βάλλονθ’

242 4007 335 4076 inipnoa
345 4018 395 4059 etc.
409 4008 471 4057 Mox
483 4026 508 4057 v.
525 4008 573 4076 471
589 4008 674 4058 vocati
686 4026 739 4058 non

241 4106 337 4161 uacare
356 4087 513 4160 putandum.
536 4086 656 4140 Servius:
670 4090 741 4140 Bene

786 3068 872 3102 eorum
886 3050 997 3102 ostendit
1008 3051 1151 3123 pudorem,
1169 3049 1214 3101 vel
1227 3051 1289 3123 quia

786 3141 862 3180 erant
872 3131 996 3202 occupati
1007 3131 1076 3182 circu
1089 3131 1217 3183 amicum.
1233 3130 1290 3183 Sal·

786 3222 839 3260 tem
860 3211 934 3280 prius
964 3209 1104 3264 admittere
1127 3208 1209 3261 licet:
1233 3228 1289 3262 non

787 3303 899 3360 sponte,
916 3289 1023 3356 avidos,
1043 3308 1130 3355 acres,
1147 3309 1288 3344 accurrere

787 3383 867 3440 puta,
889 3369 937 3420 sed
957 3369 1108 3421 verecunde
1128 3389 1159 3421 ac
1181 3371 1290 3437 timide,

787 3469 837 3500 nec
847 3450 898 3499 nisi
906 3448 1015 3500 hortatu
1024 3451 1107 3514 facto,
1116 3461 1146 3499 ut
1153 3449 1289 3503 tollerent.

787 3531 866 3581 Forte
886 3543 975 3580 tamen
988 3542 1110 3600 argutum
1122 3531 1208 3600 magis
1219 3529 1290 3598 hoc,

789 3628 869 3680 quam
881 3629 990 3660 verum:
1008 3609 1085 3660 Coetu
1100 3610 1173 3661 facta
1189 3630 1206 3662 a
1222 3631 1291 3682 prae-

788 3709 855 3742 cone
866 3692 1055 3760 pronuntiatur
1067 3692 1171 3755 victor3
1183 3704 1210 3743 et
1223 3711 1291 3762 prae·

788 3773 842 3822 mia
855 3772 1016 3822 tribuuntur.
1035 3769 1077 3821 Sic
1097 3787 1156 3840 sup.
1180 3773 1232 3839 244
1249 3790 1290 3843 sq.

788 3851 881 3920 ltaque
898 3852 986 3902 vocati
1004 3851 1117 3902 victores
1129 3852 1241 3920 praemia
1251 3854 1295 3904 fe·

789 3941 859 3979 runt.

824 4011 982 4080 473-484.
998 4011 1104 4060 Novum
1120 4009 1173 4061 hoc
1192 4010 1294 4064 Entelli

789 4091 1296 4164 facinusetpraeteropinionem,adeo-
