2670 4822
230 364 280 451 Ρ.
316 359 606 453 VIRGILII
638 365 948 463 MARONIS

362 620 816 762 AENEIDOS

270 928 493 1094 aaran
529 926 900 1060 QUINTUS.

63 1222 1108 1263 ΜΜΜἋΜΜΜΜΜΩΜὈΜΜΜΜΜΜΜΜΜΜ

410 1419 763 1484 ARGUMENTUM.

65 1622 209 1734 AEnass,
229 1648 344 1720 relicta
353 1657 544 1742 Carthagine
561 1663 595 1721 in
609 1660 732 1722 ltaliam
746 1666 914 1745 navigans,
929 1668 960 1725 vi
974 1678 1110 1750 tempes-

65 1751 132 1807 tatis
148 1752 184 1808 in
200 1749 339 1808 Siciliam
354 1748 508 1825 defertur3
522 1749 593 1825 ubi,
610 1751 650 1810 ab
666 1754 772 1812 Aceste
791 1751 926 1835 benigne
946 1773 1110 1838 exceptus,

64 1837 209 1897 Manibus
231 1837 375 1899 Anchisae
397 1841 513 1919 patris,
535 1861 630 1920 quem
649 1842 803 1922 superiori
824 1863 907 1902 anno
927 1842 1036 1902 eodem
1059 1845 1110 1905 die

64 1924 146 2004 apud
169 1927 352 2007 Drepanum
377 1927 574 2009 sepeliverat,
598 1930 847 1989 anniversarium
869 1951 994 1990 sacrum
1014 1932 1109 2010 facit,

62 2011 217 2097 ludosque
239 2016 323 2096 apud
350 2018 510 2081 tumulum
534 2016 601 2098 ejus
623 2021 777 2095 instituit;
800 2040 918 2101 suaque
936 2023 1110 2084 victoribus

62 2105 192 2181 praemia
208 2103 345 2165 decernit
362 2106 499 2165 1—103.
514 2105 624 2166 Navali
642 2110 811 2167 certamine
825 2109 921 2167 vineit
936 2108 1111 2172 Cloanthus

62 2225 97 2235 -
110 2192 180 2251 285.
201 2193 355 2274 Euryalus
376 2197 443 2255 Nisi
464 2194 539 2254 dolo
566 2216 659 2254 eursu
680 2209 806 2277 superat
826 2231 865 2242 -
878 2197 945 2255 362.
968 2199 1110 2260 Entellus

62 2302 153 2340 senex
170 2283 319 2343 Daretem
331 2283 515 2364 juveniliter
535 2305 566 2344 sc
578 2283 746 2364 jactantem
768 2298 855 2345 cestu
873 2288 974 2346 vincit
994 2286 1110 2364 -484,

61 2370 235 2451 sagittandi
255 2375 368 2452 peritia
387 2384 513 2455 superat
530 2374 704 2455 Eurytion3
723 2375 826 2455 prima
843 2388 949 2434 tamen
963 2379 1110 2456 praemia,

62 2550 170 2628 sagitta
185 2550 219 2607 in
234 2570 336 2608 aerem
349 2553 462 2610 emissa
478 2549 585 2610 subito
602 2564 756 2611 exarserat
768 2587 808 2596 -
822 2548 890 2626 544.
904 2554 1055 2612 Ascanius
1077 2557 1109 2612 in

62 2632 215 2696 honorem
229 2638 374 2700 Anchisae
389 2641 454 2715 avi,
467 2660 540 2698 cum
551 2640 662 2721 primae
675 2638 851 2699 nobilitatis
866 2644 987 2721 pueris,
1002 2662 1111 2722 eques-

62 2735 120 2784 tres
134 2724 227 2784 ludos
240 2747 418 2810 pugnaeque
426 2727 633 2788 simulacrum
643 2727 769 2787 exhibet
778 2729 893 2788 -603.
907 2731 1026 2789 Interea
1036 2732 1111 2789 Tro-

60 2811 140 2890 janae
154 2814 300 2875 mulieres
320 2814 449 2876 hortatu
464 2815 572 2893 Iridis,
591 2816 758 2897 longaeque
773 2816 984 2896 navigationis
996 2816 1108 2891 taedio,

62 2902 164 2982 ignem
178 2906 210 2962 in
224 2904 357 2965 classem
372 2905 564 2986 conjiciunt,
580 2919 777 2986 quatuorque
794 2925 887 2963 naves
900 2902 1108 2964 comburunt:

62 3006 188 3069 ceterae,
206 2992 312 3053 subita
329 3016 347 3053 a
363 2996 441 3055 Jove
453 2994 594 3053 immissa
609 2992 734 3075 pluvia,
748 2990 895 3051 incendio
909 3004 982 3049 sunt
997 3005 1109 3072 ereptae

61 3113 97 3124 -
108 3083 179 3162 699.
199 3085 295 3143 Nocte
307 3085 446 3164 sequenti
458 3081 622 3158 Anchises,
641 3084 742 3140 AEneae
754 3081 821 3154 filio
834 3083 867 3139 in
880 3081 996 3139 somnis
1011 3100 1107 3162 appa-

61 3191 146 3246 rens,
160 3174 248 3232 Jovis
261 3171 365 3232 verbis
381 3173 544 3247 admonet,
559 3187 611 3247 ut,
631 3174 740 3231 Nautae
755 3169 922 3230 consilium
941 3184 1108 3249 sequutus,

61 3259 206 3320 mulieres
228 3260 436 3344 imbellesque
458 3281 545 3320 senes
567 3263 600 3319 in
623 3259 728 3320 Sicilia
749 3258 924 3339 relinquat;
948 3260 1014 3339 ipse
1034 3279 1108 3317 cum

59 3347 230 3426 juventutis
244 3351 356 3412 robore
366 3353 558 3432 integreque
572 3351 669 3410 aetatis
684 3349 761 3408 [lore
773 3350 806 3406 in
821 3346 946 3407 Italiam
960 3348 1086 3426 naviget
1100 3371 1109 3421 ;

60 3437 245 3519 Sibyllaeque
269 3440 415 3520 inprimis
442 3444 570 3500 antrum
596 3436 708 3511 adeat3
740 3435 826 3494 illius
850 3436 934 3494 enim
955 3433 1052 3492 ductu
1074 3436 1109 3493 in

61 3545 188 3609 campos
200 3527 322 3610 Elysios
334 3548 398 3588 esse
406 3541 592 3602 venturum,
607 3525 662 3586 ubi
676 3541 706 3586 et
719 3525 906 3609 posteritatis
920 3543 984 3582 suae
996 3525 1108 3582 seriem

62 3619 267 3699 omniumque
290 3619 477 3678 instantium
503 3615 658 3676 bellorum
687 3614 789 3675 discat
816 3627 964 3673 eventum
985 3645 1026 3658 -
1039 3610 1107 3694 740.

60 3705 189 3766 Monitis
210 3708 315 3789 itaque
335 3708 472 3790 paternis
489 3727 609 3766 morem
625 3725 735 3786 gerens
756 3705 881 3777 AEneas,
899 3700 1052 3784 oppidum
1075 3703 1108 3760 in

60 3793 163 3853 Sicilia
174 3795 284 3855 condit
297 3797 428 3857 nomine
440 3797 597 3856 Acestam:
613 3815 649 3854 eo
661 3806 691 3854 et
703 3804 839 3852 matrum
854 3802 884 3850 et
898 3810 1009 3848 senum
1022 3786 1108 3847 bello

61 3881 205 3941 inutilem
229 3882 387 3944 coloniam
411 3881 612 3945 transcribit:
639 3884 704 3964 ipse
725 3901 799 3941 cum
818 3878 970 3939 exercitus
995 3874 1108 3935 robore

59 3969 185 4030 ltaliam
212 3975 293 4054 petit
316 3977 436 4056 -778.
458 3974 589 4033 Interim
608 3974 785 4054 Neptunus,
808 3968 938 4028 Veneris
961 3959 1107 4044 precibus

59 4071 218 4140 exoratus,
236 4063 400 4144 naviganti
415 4064 518 4127 AEueae
531 4081 617 4124 mare
632 4074 737 4122 tutum
753 4070 882 4142 praestat
894 4047 1008 4125 -834.
1023 4048 1107 4113 Pali·

129 4159 156 4213 3,
913 4165 925 4200 1
