2670 4822
226 418 268 472 πο
475 399 509 463 P.
533 384 765 462 VlRGlLIl
787 388 1021 466 Metonis

225 527 475 612 Centaurusque
487 522 598 587 locum
609 519 752 586 tendunt
764 543 921 610 superare
933 525 1096 612 priorem3
1228 539 1276 593 155

224 632 266 696 Et
278 653 367 695 nunc
379 629 490 694 Pristis
501 627 719 708 habet3nunc
729 629 850 693 victam
861 631 1009 717 praeterit
1020 631 1137 719 ingens

223 739 421 816 Centaurus3
435 758 524 800 nuuc
537 757 603 799 una
614 732 719 798 ambae
727 720 919 824 junctisque
932 736 1085 801 feruntur

222 842 412 922 Frontibus,
427 858 460 906 et
471 842 570 928 longa
582 841 711 905 sulcant
722 838 805 904 vada
817 841 899 905 salsa
911 841 1031 907 carina.

264 953 406 1040 Jamque
417 944 686 1037 propinquabant
699 947 853 1035 scopulo,
867 963 1057 1037 metamque
1068 948 1240 1032 tenebant,

219 1059 330 1143 Quum
341 1058 496 1146 princeps
508 1051 687 1142 medioque
700 1054 786 1143 Gyas
799 1057 833 1117 in
846 1055 973 1143 gurgite
985 1057 1091 1121 victor
1227 1072 1272 1122 roo

219 1165 394 1231 Rectorem
405 1161 497 1224 navis
509 1157 674 1246 conpellat
686 1180 768 1223 voce
780 1161 966 1225 Menoeten:

222 1273 321 1353 «Quo
333 1283 461 1332 tantum
472 1263 555 1327 mihi
568 1261 682 1327 dexter
693 1263 783 1327 abis?
794 1264 861 1331 huc
873 1264 977 1354 dirige
990 1288 1157 1356 gressum

217 1377 310 1442 Litus
322 1396 410 1452 ema,
423 1387 456 1435 et
467 1371 565 1435 laevas
577 1370 718 1457 stringat
728 1371 799 1435 sine
811 1371 956 1460 palmula
967 1390 1096 1457 cautes;
1235 1360 1241 1383 ³

215 1483 328 1548 Altum
340 1479 395 1544 alii
407 1492 550 1542 teneant.
563 1505 576 1534 n
592 1476 691 1540 Dixit.
706 1475 770 1541 Sed
782 1499 869 1542 caeca
879 1482 1042 1545 Menoetes

214 1589 296 1654 Saxa
307 1586 441 1661 timens,
455 1604 587 1670 proram
599 1581 707 1670 pelagi
720 1581 900 1672 detorquet
910 1581 953 1647 ad
964 1583 1080 1650 undas.
1223 1601 1267 1651 165

203 1764 208 1773 .
220 1725 233 1756 a
244 1696 319 1778 Quo
331 1691 480 1757 diversus
492 1689 584 1754 abis?
597 1690 733 1754 iterum:
746 1706 824 1779 pete
836 1713 925 1771 saxa,
938 1694 1099 1773 Menoete‚
1112 1723 1125 1753 o

248 1881 300 1929 156.
313 1877 380 1926 habet
389 1879 468 1924 Heius.
480 1877 609 1923 secundum
624 1877 740 1938 potiores,
755 1888 779 1923 et
791 1875 871 1924 Heius.
885 1890 908 1925 et
919 1879 994 1935 Pice,
1004 1879 1065 1926 adde
1077 1879 1160 1943 fragm.
1172 1880 1264 1942 Varie,

212 1952 310 2016 supple,
324 1952 423 2014 priorem
435 1945 520 2003 hrum,
532 1946 597 2010 quod
611 1956 766 2009 precesserat.
776 1946 821 1993 Alii
833 1946 887 1992 obit.
900 1946 968 1994 habet
979 1957 1072 2005 metam,
1086 1964 1146 1996 nunc
1160 1957 1266 2014 preterit

211 2022 301 2079 wall,
314 2019 383 2074 male.
394 2043 426 2054 ·-
440 2017 490 2064 158.
508 2016 573 2081 lonqa
589 2020 667 2063 carim
681 2018 760 2063 Heius.
775 2017 905 2064 secundum
923 2016 1004 2080 plures
1020 2030 1044 2065 et
1059 2018 1182 2079 meliores,
1199 2023 1264 2070 inter

212 2109 272 2160 qnos
287 2104 312 2140 et
331 2092 463 2144 Romanus,
482 2088 563 2150 fragm.
581 2088 657 2134 V'atic.
677 2103 731 2133 cum
746 2087 832 2134 Medic.
849 2087 934 2150 Vulgg.
950 2085 1021 2153 looqoe
1035 2091 1133 2146 carine,
1145 2089 1183 2138 rel
1198 2090 1264 2158 lonqe

211 2181 233 2214 o.
249 2165 277 2210 ln
295 2160 348 2208 ΑΜ.
366 2177 401 2223 pr.
417 2170 467 2206 erat
482 2157 545 2222 lonqe
560 2183 592 2192 -
605 2158 703 2223 coriae,
719 2158 743 2205 iu
762 2156 834 2204 altera
856 2155 940 2222 lonqoe,
956 2169 979 2203 at
998 2160 1024 2203 in
1042 2160 1110 2204 tertia
1130 2161 1262 2223 Naugerius

210 2235 318 2303 toqa-
326 2234 405 2279 carino
416 2229 503 2276 intulit.
515 2231 554 2276 Est
564 2242 642 2275 umen
655 2227 720 2293 lonqo
733 2231 811 2273 carrha
826 2243 921 2291 prorsus
934 2230 1007 2274 otiosa
1022 2245 1081 2286 vor,
1097 2229 1217 2295 facitque,
1233 2245 1264 2280 ut

205 2306 288 2355 totuin
296 2300 469 2350 hemistichium
478 2301 558 2346 abesse
571 2299 665 2355 malim,
682 2310 793 2363 tanquam
808 2298 869 2345 male
884 2293 1033 2362 suppletum
1050 2301 1082 2345 ita
1098 2310 1125 2346 ut
1141 2301 1262 2365 vulgatam

211 2374 269 2424 ollnr
284 2373 415 2420 'lectionem
429 2369 575 2433 praeferam:
594 2385 654 2415 nunc
672 2384 719 2414 uno
732 2368 805 2415 omboe
818 2371 948 2434 junctisque
959 2369 1072 2433 feruntur
1093 2370 1216 2418 Frontibus
1236 2381 1262 2421 et

209 2444 284 2514 'lonqoe
296 2443 387 2491 sulcant
403 2443 461 2488 vodo
476 2440 538 2488 soleo
551 2441 635 2488 eorinoe
651 2457 659 2486 :
674 2441 720 2486 hoc
736 2453 770 2488 est
787 2456 793 2488 ι
813 2435 877 2487 nunc
894 2444 977 2488 carinas
993 2440 1068 2506 longae
1086 2458 1132 2488 una
1151 2443 1262 2492 feruntur

212 2531 236 2568 et
251 2518 342 2566 sulcant
355 2515 422 2564 vada.
438 2517 476 2560 Jo.
492 2513 615 2561 Schrader.
632 2516 695 2577 conj.
713 2515 738 2558 in
749 2512 841 2560 schedis
852 2530 857 2560 :
870 2517 951 2577 juncta
969 2515 1007 2562 vel
1020 2518 1081 2562 socio
1097 2515 1189 2563 sulcant
1199 2517 1260 2563 vodo

209 2587 272 2636 salsa
291 2591 377 2634 carina.
392 2611 423 2622 -
443 2586 493 2648 159.
508 2584 675 2649 propritqttobot
692 2583 778 2630 Medic.
800 2601 813 2631 a
831 2600 862 2630 m.
879 2601 915 2649 pr.
933 2595 1048 2651 metasque
1065 2602 1110 2634 sec.
1132 2587 1259 2645 Rottend.‚

209 2671 237 2706 ut
252 2676 275 2705 v.
296 2655 449 2719 171.·-160.
472 2658 530 2701 Tum
547 2655 638 2718 aliquot
655 2652 821 2701 rien-161.
839 2657 961 2702 Meuoeten.
985 2651 1093 2704 Meroleer
1110 2670 1152 2704 eat.
1163 2657 1257 2704 -162.

209 2730 290 2775 dexter
300 2725 441 2773 militantes
455 2724 504 2772 obr's
516 2727 575 2773 Ven.
592 2740 696 2790 pressum
707 2725 787 2771 Heius.
799 2727 904 2771 omnium
920 2725 1044 2797 meliorum
1056 2728 1194 2774 auctoritate
1205 2740 1260 2790 post

209 2801 320 2847 Pierium.
332 2797 409 2860 Vulgo
419 2812 527 2853 cursum,
540 2813 568 2843 ex
579 2797 785 2859 interpretatione,
792 2795 853 2842 forte
864 2796 999 2858 Aproniano
1008 2795 1156 2843 emendante.
1163 2799 1222 2843 Nam
1230 2801 1258 2845 in

209 2867 296 2915 Medic.
303 2882 406 2933 pressum
414 2869 538 2913 incursum
548 2878 582 2913 est
588 2878 710 2912 mutatum.
721 2880 790 2911 cursu
799 2867 949 2913 Ven.-r63.
958 2875 1019 2912 amet
1027 2881 1055 2912 ex
1064 2866 1109 2912 om'
1118 2876 1141 2912 et
1149 2867 1256 2930 longob.
1324 2882 1327 2887 ¹

208 2936 267 2984 levo
278 2938 364 2984 Medic.
376 2938 459 2983 Hamh.
471 2954 507 3000 pr.
516 2950 539 2984 et
547 2936 608 2983 Gud.
619 2953 631 2982 a
643 2953 674 2982 m.
684 2952 720 2998 pr.
733 2936 920 2984 cumeorum.
933 2953 945 2982 a
957 2953 988 2982 m.
998 2953 1034 2999 pr.
1045 2936 1091 2983 Sed
1102 2934 1169 2983 laevos
1178 2945 1257 2983 cautes

209 3007 302 3054 doctius
315 3007 405 3054 dictum
414 3019 483 3071 puta;
497 3007 542 3054 hoc
553 3009 649 3053 nornine
659 3006 786 3054 lectionem
799 3019 873 3054 tuere.
886 3006 1190 3064 -164.oendontl)orvill.
1204 3009 1257 3054 Me-

206 3080 274 3122 noetis
282 3076 369 3123 Medie.
378 3077 492 3125 Menoetes
506 3094 542 3140 pr.
553 3077 688 3153 hottendm
699 3093 731 3123 m.
741 3094 778 3140 pr.
790 3079 818 3123 ln
831 3079 900 3124 Goth.
914 3089 966 3125 tert.
982 3078 1098 3134 Monotes,
1113 3077 1185 3123 modo
1201 3080 1256 3126 Mo·

206 3154 257 3191 nete
264 3179 272 3202 ‚
281 3145 515 3204 moronensem,
527 3147 598 3195 mode
610 3149 736 3195 Monestem
744 3160 914 3210 peccatum-
928 3149 979 3195 166.
991 3151 1073 3195 iterum
1081 3163 1113 3194 so.
1126 3148 1255 3195 revocabat.

207 3313 277 3360 sem,
288 3299 415 3368 assequi,
434 3310 537 3371 tenere,
560 3301 644 3353 altero
663 3317 706 3352 eu·
754 3311 815 3353 tene
827 3319 935 3353 cursum
946 3303 1057 3373 propius
1068 3299 1104 3353 ad
1112 3301 1255 3371 scopulum

207 3389 302 3447 perato
315 3376 404 3431 locum
414 3378 531 3450 primuni
543 3398 579 3433 sc.
589 3384 659 3434 inter
667 3398 705 3445 se,
752 3377 845 3450 (quem
855 3378 917 3433 litus
925 3380 1126 3454 appellut)‚nec
1134 3375 1256 3447 vereare,

206 3469 269 3528 post
281 3457 364 3529 Gyani
377 3471 404 3510 et
419 3458 588 3513 Cloanthum.
602 3460 704 3530 -159.
749 3478 788 3512 ¹ne
800 3461 866 3512 remi
885 3480 902 3513 a
916 3462 1023 3526 sinistra
1042 3475 1120 3532 parte
1134 3480 1196 3513 eum
1217 3474 1257 3512 at·

205 3546 319 3603 meum,
332 3539 704 3605 non‚ubifiuirentoursum‚
753 3541 865 3613 tingant.
889 3561 995 3609 amore,
1020 3543 1118 3613 cupide
1146 3556 1254 3607 tenere,

205 3617 256 3671 sed
278 3619 515 3673 circumflecterent
535 3642 541 3671 ι
563 3638 622 3691 sup.
646 3619 703 3672 130.
752 3621 895 3692 amplecti,
907 3638 1021 3673 servare.
1035 3623 1101 3672 utin
1113 3620 1159 3672 illo
1170 3624 1256 3673 Hora·

209 3699 267 3751 131.
396 3740 398 3744 ,
662 3742 666 3750 .
753 3703 935 3776 tiizomatque
939 3705 1028 3775 janua
1040 3702 1130 3754 limen.
1145 3702 1254 3774 palmu-

245 3779 400 3849 160-171.
423 3781 545 3852 princeps
578 3781 647 3850 Gyas
679 3792 705 3831 et
754 3781 1252 3852 la:ospoo'csaluaoparsinleriorremi.

199 3858 343 3923 ·ut‘ctor,h.
356 3858 375 3910 l.
388 3860 436 3930 qui
453 3876 544 3911 omues
557 3871 705 3912 anteverte-
750 3859 841 3934 pelopi
867 3880 904 3915 sc.
929 3862 1095 3915 dextrorsum
1118 3864 1145 3913 in
1167 3855 1254 3914 altum

206 3949 249 3989 rat
265 3955 353 3989 cursu.
377 3936 472 3989 dexter.
492 3937 588 4009 Cogita
605 3950 703 3991 metam
753 3954 859 3994 evectus
872 3941 994 4013 adeoque
1010 3938 1124 3995 diversus
1133 3980 1142 4005 ‚
1163 3943 1192 3992 in
1212 3943 1252 3996 di·

109 4078 114 4091 ·
203 4017 289 4072 fuisse
307 4018 346 4069 ita
366 4016 645 4084 circumflectendam,
674 4031 703 4070 ut
751 4040 856 4074 versam
872 4035 992 4093 partem,
1005 4042 1065 4074 curn
1084 4023 1195 4076 deberet
1206 4025 1253 4077 le·

206 4113 298 4153 earne
321 4098 428 4154 sinistra
448 4094 588 4154 haberent.
601 4090 700 4156 4163.
751 4119 813 4157 vam
832 4119 924 4158 versus
943 4103 1083 4177 scopulum
1101 4115 1201 4161 tenere.
1214 4132 1252 4147 -
