2670 4822
342 364 578 460 sucinos
602 352 755 462 sirau
780 399 820 463 v.

54 517 241 606 Sergestum
254 519 373 582 AEneas
384 520 549 606 promisso
561 543 699 585 munere
713 520 828 602 donat,

54 624 220 689 Servatam
234 624 278 689 ob
291 647 410 688 navem
422 626 516 690 laetus
529 628 703 717 sociosque
716 628 891 694 reductos:

54 730 118 795 Olli
129 753 225 795 serva
239 729 349 810 datur,
365 754 505 820 operum
517 732 607 809 haud
620 735 732 822 ignara
744 735 918 816 Minervae,

55 839 168 902 Cressa
181 860 286 926 genus
299 837 439 917 Pholoe,
454 839 644 929 geminique
657 840 719 905 sub
732 841 835 905 ubere
847 843 925 906 nati.
1064 859 1107 906 285

96 946 173 1009 Hoc
185 945 261 1033 pius
273 947 390 1009 AEneas
403 945 504 1009 misso
519 946 697 1010 certamine
711 946 819 1011 tendit

57 1051 273 1115 Gramineum
285 1052 320 1113 in
333 1074 503 1140 campum,
519 1075 619 1141 quem
632 1052 773 1117 collibus
786 1053 936 1145 undique
949 1059 1057 1122 curvis

56 1158 240 1246 Cingebant
252 1158 358 1239 silvae3
371 1158 547 1248 mediaque
561 1162 594 1223 in
607 1161 691 1225 valle
704 1161 825 1226 theatri

57 1266 170 1330 Circus
184 1281 268 1344 erat,
283 1287 350 1353 quo
363 1287 398 1329 se
411 1265 522 1330 multis
535 1289 612 1331 cum
625 1266 771 1332 millibus
784 1268 883 1333 heros

58 1372 223 1436 Consessu
235 1368 384 1434 medium
396 1370 485 1450 tulit,
500 1387 733 1462 exstructoque
746 1372 879 1438 resedit.
1066 1407 1111 1452 ψ

59 1477 133 1556 Hic,
149 1478 208 1566 qui
222 1477 308 1540 forte
320 1477 425 1541 velint
436 1476 554 1566 rapido
567 1478 769 1543 contendere
783 1502 895 1559 cursu,

60 1585 179 1648 Invitat
191 1584 306 1672 pretiis
319 1584 461 1663 animos,
476 1601 508 1647 et
520 1586 656 1673 praemia
667 1587 772 1674 ponit.

59 1752 140 1800 borum
153 1754 284 1801 secundnm
295 1756 356 1801 Pier.
367 1768 392 1801 et
400 1756 480 1802 Heins-
491 1755 561 1801 codd.
572 1756 617 1802 Alii
630 1755 703 1820 plenis
714 1772 733 1802 s.
744 1773 765 1802 o.
777 1753 840 1802 velis.
852 1757 912 1802 Ven.
925 1755 1113 1812 uetrssituosn'a

59 1833 150 1886 portus,
162 1841 192 1871 ex
203 1824 285 1887 glossa.
293 1827 343 1870 Jac.
353 1827 440 1890 Bryant
451 1842 542 1872 versum
554 1825 658 1873 deletum
668 1824 807 1880 malit;nani
818 1830 902 1888 partim
910 1843 1041 1889 repugnare
1051 1829 1113 1876 dicta

60 1895 228 1957 superioribus,
238 1898 324 1957 partim
333 1894 384 1940 vela
394 1894 449 1941 velis
458 1913 542 1958 parum
552 1896 654 1958 placere,
662 1900 747 1958 partim
755 1896 859 1959 jugulari
869 1902 1066 1959 comparationem
1076 1917 1114 1963 ap·
1149 1910 1152 1917 '

61 1969 167 2027 positam.
178 1969 239 2012 Sane
249 1967 298 2017 haec
308 1985 331 2014 v.
343 1967 387 2013 280
394 1969 443 2029 jam
457 1980 507 2013 erat
516 1967 636 2024 absoluta3
648 1972 740 2015 erratio
752 1982 800 2014 erat
813 1968 946 2025 reddenda,
959 1986 1005 2032 qua
1018 1985 1066 2018 arte
1076 1972 1115 2018 vel

61 2039 164 2095 fortuna,
178 2040 276 2086 detersis
292 2042 376 2096 remis,
389 2052 467 2085 tamen
479 2042 504 2084 in
514 2054 608 2102 portum
618 2057 642 2087 se
655 2042 760 2102 recipere
770 2043 873 2103 potuerit
884 2044 1001 2102 navigium
1010 2061 1017 2099 3
1027 2044 1116 2089 factum

62 2110 83 2155 id
92 2126 142 2157 esee
154 2124 227 2156 vento
240 2111 338 2157 suborto
347 2111 463 2167 secundo,
477 2128 547 2176 quem
561 2113 619 2160 velis
634 2125 782 2174 exceperant.
794 2112 928 2158 Videndum
941 2126 987 2170 est,
1002 2130 1031 2159 an
1041 2118 1067 2160 in
1078 2116 1115 2162 hie

62 2180 150 2244 lliquid
160 2183 203 2236 sit,
213 2182 279 2243 quod
293 2184 328 2227 rei
345 2185 444 2228 nauticae
456 2182 521 2228 haud
531 2186 586 2229 satis
602 2185 733 2229 conveniat.
748 2209 780 2218 -
791 2183 843 2228 282.
859 2186 968 2246 permisso
983 2185 1073 2247 Huflen.
1089 2202 1114 2248 p.

63 2250 128 2296 donat
138 2249 330 2297 honoreDorvill.
337 2277 368 2287 -
377 2252 429 2298 283.
439 2256 515 2297 nanim
524 2251 614 2315 aliquot
626 2255 687 2298 Pier.
702 2264 725 2299 et
734 2270 770 2315 pr.
782 2253 867 2298 Moret.
877 2269 930 2298 cum
940 2254 987 2298 Erf.
996 2288 1004 2310 ,
1014 2255 1055 2301 sed
1065 2255 1114 2302 vid.

63 2322 118 2368 Pier.
129 2337 149 2366 s.
162 2336 208 2386 que
218 2330 317 2384 receptos
329 2324 418 2384 sprot,
428 2336 454 2368 ut
464 2321 505 2368 lih.
519 2325 544 2379 l,
558 2323 609 2369 583.
622 2349 653 2358 -
663 2321 714 2378 284.
727 2339 746 2368 s.
757 2338 849 2385 operum
860 2321 993 2369 datarium
1003 2323 1114 2370 nonnulli

63 2394 133 2450 Pien,
153 2411 182 2440 ex
193 2393 377 2456 interpolatione
393 2395 503 2450 indocta,
522 2397 591 2441 metri
610 2411 697 2441 caussa.
708 2396 800 2440 -285.
816 2393 912 2439 Thressa
929 2394 1007 2440 Schol.
1025 2397 1116 2442 Horatii

64 2465 148 2529 Cruqu.
158 2466 191 2511 ad
199 2467 232 2509 lH
242 2466 287 2511 Od.
298 2481 325 2527 9,
336 2466 401 2529 quod
411 2466 518 2512 defendit
526 2469 686 2523 Burmannus,
696 2466 810 2512 hactenus
820 2482 868 2511 non
878 2464 937 2513 male
946 2502 953 2521 ,
962 2468 1028 2530 quod
1037 2468 1116 2514 Thra-

63 2539 100 2582 ciae
116 2539 259 2582 commercia
272 2552 325 2582 cum
334 2538 441 2599 Troianis
453 2540 615 2583 intercessere.
626 2539 656 2582 At
673 2540 697 2582 in
711 2535 801 2582 Pholoe
814 2548 940 2598 argutatur.
952 2538 1075 2583 Enimvero
1088 2554 1117 2584 ex

63 2607 110 2652 lib.
120 2608 169 2664 lll,
183 2607 224 2653 131
237 2605 367 2670 sqqnlacile
377 2609 524 2664 memineris,
535 2608 650 2672 Trojanos
659 2610 685 2653 iu
696 2608 764 2653 Creta
776 2605 851 2652 insula
864 2605 916 2668 plus
929 2622 999 2668 quam
1011 2623 1117 2653 annuum

63 2681 160 2741 spatium
170 2679 289 2740 exegisse,
297 2692 346 2721 non
356 2680 432 2724 minus
442 2681 513 2741 igitur
526 2679 606 2725 Cressa
616 2678 694 2724 locum
703 2678 789 2724 hahet:
799 2692 913 2739 quorsum
922 2679 993 2738 igitur
1000 2690 1117 2725 mutamus

64 2749 125 2812 quod
139 2751 256 2795 rationem
267 2747 353 2794 habet?
365 2749 433 2794 Creta
442 2748 552 2796 scribitur
564 2749 620 2796 eth.
631 2749 648 2795 l.
659 2751 847 2810 momentique,
860 2759 887 2791 ut
896 2746 951 2792 alibi
963 2748 1051 2793 dictum
1057 2767 1064 2805 ;
1081 2761 1117 2797 est

64 2833 139 2868 tamen
149 2823 220 2867 etiam
230 2816 328 2882 Kpim.
343 2821 385 2866 sub
398 2822 466 2867 ubera
477 2823 543 2868 Rom.
556 2836 579 2868 et
593 2822 668 2877 Gud.‚
685 2825 762 2868 minus
774 2821 836 2866 bene
847 2835 852 2863 :
864 2821 906 2864 etsi
922 2819 978 2864 ferri
989 2833 1074 2882 potest.
1084 2845 1118 2859 --

64 2907 112 2955 ²9⁰·
123 2893 262 2948 coracessii,
276 2908 395 2949 concessu,
407 2910 530 2950 comensis,
542 2896 651 2942 aberrant
666 2892 777 2940 nonnulli
789 2892 829 2938 hic
845 2903 868 2936 et
881 2890 922 2935 inf.
934 2908 955 2937 v.
966 2890 1012 2946 340
1025 2905 1047 2937 et
1060 2894 1115 2954 577.

65 2964 191 3009 itmedium
205 2963 254 3008 duo
265 2965 344 3009 Burm.
354 2991 386 3000 -
396 2980 448 3026 291.
458 2967 512 3012 Huc
521 2984 557 3029 pr.
569 2967 677 3011 Moneta
690 2981 720 3009 m.
731 2979 793 3018 sec,
807 2975 829 3008 et
839 2963 890 3007 Hac
902 2963 993 3022 Hugen.
1009 2962 1091 3008 itidem
1101 2979 1116 3009 a

65 3050 93 3081 m.
100 3051 150 3083 sec.
161 3033 262 3081 velited.
270 3037 331 3082 Ven.
338 3062 371 3072 -
378 3052 431 3097 292.
440 3039 530 3101 portum
537 3039 607 3085 Goth.
617 3056 653 3100 pr.
663 3040 733 3082 Putes
744 3035 833 3082 leniora
843 3035 913 3079 fuisse
924 3050 930 3078 ε
941 3036 1116 3102 t'nvitatprett'is,

64 3111 141 3155 mimis
152 3112 277 3171 etpraemr'a
286 3112 355 3172 ponit.
367 3110 413 3156 Sed
422 3113 447 3156 in
458 3111 553 3173 vulgato
562 3114 637 3158 oratio
649 3109 720 3155 hahet
731 3111 868 3171 gravitatem
885 3109 991 3168 epicam:
1003 3111 1045 3170 qui
1051 3107 1117 3171 forte

66 3178 143 3236 uuit,
155 3182 174 3226 si
184 3182 241 3242 qui,
254 3183 333 3226 inuitat
344 3184 422 3245 pretiis
432 3199 484 3238 eos,
493 3200 538 3245 pro
547 3183 592 3230 hoe
602 3199 608 3228 :
618 3184 708 3228 animos
718 3197 813 3236 eorum,
826 3191 849 3225 et
858 3179 922 3224 nude
932 3194 995 3224 nnnc
1004 3214 1011 3235 ,
1020 3183 1115 3228 ammos.

10 3322 12 3341 ¹
66 3313 127 3364 ostia
145 3311 173 3363 h.
191 3313 209 3363 l.
231 3327 334 3383 portus.
350 3317 492 3387 promisso,
506 3317 566 3367 vul·
615 3315 740 3380 dimisso,
757 3313 851 3365 finito:
872 3317 980 3384 proprie
1000 3313 1116 3367 dimissis

67 3411 124 3462 gare
145 3393 239 3443 fuisset
250 3405 359 3464 sperato.
373 3414 481 3465 opernm
494 3395 568 3447 haud
615 3394 787 3448 certantibus.
807 3395 841 3446 cf.
859 3395 906 3445 inf.
923 3392 983 3459 545.
1000 3392 1072 3445 silvoe
1089 3397 1117 3447 iu

67 3471 156 3542 iqnara
169 3490 239 3543 saepe
252 3492 295 3543 ap
312 3476 390 3525 Hom.
403 3475 449 3543 ἔργ’
464 3474 565 3543 siduitas,
616 3476 728 3527 collibus
741 3477 835 3545 -qui
863 3473 943 3524 iidem
970 3472 1115 3534 theatrum,-

67 3553 96 3605 de
112 3543 231 3606 lanificio
249 3567 275 3606 et
289 3567 564 3620 textura,utnotum.
614 3554 686 3607 unde
708 3556 779 3605 infra
800 3573 824 3606 r.
849 3553 900 3618 340
919 3570 1005 3602 cavea.
1031 3553 1119 3605 Circus

99 3635 152 3687 286
163 3663 200 3672 -·
212 3651 271 3704 290.
292 3636 389 3687 Totum
400 3636 453 3688 hoc
473 3655 565 3688 cursus
615 3636 641 3688 h.
655 3636 673 3686 l.
686 3654 736 3706 pro
748 3636 844 3687 stadio.
857 3653 883 3686 se
896 3631 958 3684 tulit
969 3645 994 3684 et
1002 3652 1119 3686 consessu

68 3725 200 3765 certamen
210 3733 242 3766 ex
250 3717 367 3767 Homero
379 3715 566 3769 adumbratum
616 3726 743 3768 exstructo
758 3715 856 3767 resedit.
868 3725 897 3764 ut
907 3730 979 3784 supr.
990 3733 1015 3763 v.
1029 3714 1064 3780 44
1076 3723 1117 3762 tu·

68 3791 83 3842 l.
103 3813 127 3845 c.
146 3794 222 3845 lliad.
237 3795 269 3859 ψ,
285 3797 336 3866 740
355 3814 429 3867 sqq,
449 3799 497 3849 sed
516 3811 567 3850 tra·
616 3793 685 3845 muli
699 3814 730 3846 ex
746 3813 847 3867 appete.
862 3793 904 3844 Sic
922 3789 985 3857 ἐγὼ
1000 3794 1117 3842 Homero

69 3871 148 3924 ducta
169 3875 197 3923 in
209 3872 278 3925 illud
288 3874 340 3926 alia
348 3894 379 3927 ex
386 3876 495 3947 reliquis
504 3897 567 3950 ago·
617 3875 650 3927 de
663 3877 841 3946 spectantium
852 3874 922 3924 loco.
933 3872 1020 3944 pretia
1035 3869 1119 3939 expli-

69 3951 153 4002 nibus.
172 3952 274 4003 Locum
293 3954 441 4025 spectaculi
464 3970 567 4008 tantum
617 3968 712 4006 cantur
723 3974 772 4026 per
781 3953 909 4024 praemia:
923 3969 978 4015 τες,
990 3968 1047 4019 quae
1056 3966 1118 4017 pre-

70 4047 120 4080 non
130 4033 270 4102 exscripsit
282 4052 314 4084 ex
324 4047 416 4086 nostro
426 4033 524 4086 Statius
531 4037 567 4086 Vl
618 4037 655 4087 tio
665 4035 811 4101 habentur,
822 4048 848 4085 et
860 4051 930 4083 nunc
942 4047 991 4102 pro
1002 4031 1118 4098 praemiis

70 4106 151 4161 Theb.
168 4111 218 4164 225
237 4128 295 4184 sqq.
315 4113 390 4168 misso
409 4115 567 4183 certamine,
619 4127 798 4187 apponuntur.
810 4113 911 4164 animos
919 4128 1011 4161 eorum
1020 4111 1066 4180 qui
1074 4138 1116 4158 -.

142 4198 166 4251 3.
924 4197 940 4249 3
