2670 4822
353 381 592 449 anmnos
616 383 770 447 trena
794 384 834 449 v.
1077 388 1119 474 37

67 503 207 598 Jamque
220 507 292 573 fere
304 510 411 596 spatio
424 523 585 584 extremo,
600 507 760 596 fessique,
774 507 837 572 sub
850 507 955 596 ipsam

67 615 184 678 Finem
196 612 432 693 adventabant,
446 615 512 677 leri
524 637 628 702 quum
641 615 800 700 sanguine
813 615 909 677 Nisus

67 719 208 784 Labitur
219 720 349 799 infelix3
363 721 455 785 caesis
467 736 505 783 ut
517 720 602 784 forte
611 717 764 808 juvencis

66 825 173 890 Fusus
185 825 328 889 humum
340 824 522 914 viridisque
535 847 636 913 super
647 823 871 888 madefecerat
882 822 1012 890 herbas.
1077 836 1122 885 330

68 932 132 997 Hic
140 934 276 1022 juvenis
284 933 354 1024 jam
366 934 473 998 victor
484 955 585 997 ovans
598 932 734 1019 vestigia
746 954 862 1020 presso

67 1037 169 1102 Haud
181 1040 290 1104 tenuit
302 1038 440 1130 titubata
453 1039 543 1116 solo;
555 1037 614 1103 sed
628 1060 753 1126 pronus
766 1038 800 1101 in
813 1038 886 1126 ipso

67 1142 237 1223 Concidit,
252 1144 483 1235 inmundoque
496 1145 575 1208 limo
588 1167 748 1233 sacroque
760 1166 889 1209 cruore.

66 1251 144 1314 Nou
155 1266 268 1315 tamen
281 1253 428 1340 Euryali,
442 1273 511 1315 non
524 1252 579 1315 ille
594 1250 717 1315 oblitus
729 1273 897 1314 amorum:

66 1357 151 1419 Nam
164 1378 236 1420 sese
249 1356 405 1445 obposuit
416 1356 503 1421 Salio
515 1379 577 1445 per
588 1356 713 1420 lubrica
726 1377 882 1442 surgeus;

66 1462 129 1527 Ille
141 1480 254 1527 autem
266 1464 368 1551 spissa
376 1463 481 1553 jacuit
493 1464 663 1528 revolutus
677 1486 786 1527 arena.

68 1569 198 1634 Emicat
209 1571 385 1658 Euryalus
400 1587 434 1634 et
446 1593 584 1634 munere
597 1571 703 1635 victor
713 1569 812 1633 amici

67 1675 178 1738 Prima
189 1688 296 1754 tenet,
309 1676 495 1766 plausuque
507 1677 597 1741 volat
609 1676 812 1764 fremituque
824 1671 989 1739 secundo:

26 1846 1207 1918 ‘1327ipsumtuenturPicr.etHeinsecodd.cf.adhblll,145.ipsumbledicam.¹

69 1941 130 1982 sec„
140 1937 188 1972 tres
196 1926 235 1973 alii
244 1926 346 1974 etGotb.
354 1944 423 1975 unus.
426 1928 480 1982 Sed
488 1946 514 1974 ea
525 1929 643 1991 vulgatior
653 1941 687 1974 est
696 1929 763 1973 ratio.
768 1925 858 1971 -328.
870 1924 915 1969 leni
923 1937 946 1969 et
957 1933 1003 1969 tum
1013 1925 1122 1972 aberratt.

68 1986 159 2044 -33'0
165 1997 229 2042 humi
234 1999 283 2044 duo
290 2000 350 2045 Prer
359 1998 430 2045 etaln
437 2001 588 2046 recentiores
595 1999 684 2045 -333,
692 2001 817 2061 Crassaque
825 1996 930 2041 Parrhas
937 1995 1060 2042 maleexv.
1067 1996 1121 2057 469.

67 2067 158 2124 -334
170 2078 328 2126 amorumest,
336 2071 404 2116 Witt.
416 2084 439 2117 et
448 2086 482 2117 stc
491 2070 599 2134 plerique
610 2073 671 2116 Pier
682 2070 827 2133 dliiutnoris.
838 2080 861 2112 at
872 2067 918 2111 rid
928 2069 1019 2112 Noram.
1027 2067 1120 2112 -335,

68 2139 158 2185 Etsese
167 2157 205 2203 ap
215 2144 280 2188 Serv
292 2141 372 2205 objecrt
383 2137 932 2205 Parrbas-336.tenuipucurtScrvruslegrt
943 2150 1008 2184 etsie
1020 2155 1056 2199 pr
1070 2139 1123 2182 Rot-

67 2209 135 2255 tend.
148 2227 161 2256 a
172 2226 204 2255 m.
216 2227 263 2257 sec.
275 2224 299 2258 et
310 2213 395 2274 Regius
404 2229 448 2275 pro
458 2213 545 2275 glossa,
555 2230 626 2276 qaum
635 2214 696 2259 forte
708 2212 794 2273 aliquis
806 2210 886 2254 decori
896 2206 956 2254 male
968 2208 1095 2269 providus
1089 2223 1122 2253 ιιι-

68 2278 163 2325 tulerat.
177 2279 289 2327 resolutus
300 2283 360 2328 Ven.
373 2285 493 2345 resupinus
507 2282 566 2329 alter
582 2285 648 2330 Voss.
661 2309 693 2318 -
701 2283 754 2344 337.
765 2295 860 2326 munera
872 2277 931 2326 alter
945 2279 1038 2340 Menag.
1049 2282 1122 2327 emico

69 2349 157 2397 Medic.
174 2367 228 2397 am.
246 2368 296 2415 pr„
308 2353 375 2417 quod
391 2355 470 2401 Heius.
484 2355 605 2402 adstruere
624 2355 723 2401 laborat.

105 2501 156 2570 327
181 2521 240 2574 sqq.
266 2505 309 2558 Ad
329 2507 438 2558 Homeri
460 2506 570 2560 ductum

68 2580 88 2632 l.
103 2601 125 2632 c.
140 2584 192 2651 773
201 2601 259 2654 sqq.
269 2597 295 2636 et
308 2584 360 2656 539
369 2603 428 2657 sqq.
437 2587 571 2659 Andigni-

68 2661 119 2710 tati
137 2663 208 2731 epici
220 2666 345 2716 carminis
357 2666 478 2717 versibus
487 2668 570 2718 maxi·

68 2757 112 2789 me
129 2738 182 2794 333
195 2754 221 2792 et
233 2741 293 2812 357.
312 2744 363 2797 358
381 2747 444 2796 satis
464 2745 572 2796 consul-

68 2829 127 2868 tum
139 2821 186 2886 sit,
207 2824 346 2892 quaesitum
362 2837 402 2876 est
416 2844 476 2876 cum
489 2825 571 2890 alias,

68 2911 128 2949 tum
145 2919 232 2970 nuper
250 2904 360 2969 iterum,
371 2924 387 2956 a
400 2907 462 2956 viris
475 2905 570 2956 doctis.

69 2978 168 3032 Saltem
178 2980 232 3032 hoc
243 2983 396 3044 tenendum,
404 3003 459 3035 non
468 3005 498 3037 ex
510 3002 572 3036 nos-

68 3071 113 3109 tro
146 3060 238 3112 decori
269 3080 347 3114 sensu
372 3063 572 3132 dijudicandam

68 3156 127 3190 rem
144 3157 214 3201 esse3
236 3142 315 3210 quale
336 3155 426 3194 autem
442 3144 571 3215 Augustei

69 3218 160 3269 saeculi
172 3218 205 3270 de
218 3221 265 3271 tali
282 3240 310 3271 re
326 3222 457 3290 judicium
473 3223 570 3287 fuerit,

66 3299 232 3371 ignoramus.
256 3303 355 3354 Nostra
376 3301 485 3373 quidem
508 3315 572 3354 aetas

67 3381 181 3432 facetias
193 3382 259 3433 tales
269 3395 356 3450 recte,
368 3395 448 3453 puto,
459 3385 569 3454 respuit.

67 3459 157 3510 Tanto
181 3461 348 3512 manifestior
377 3461 413 3514 ad
443 3464 571 3533 cujusque

70 3556 179 3590 sensum
191 3542 308 3592 suavitas
320 3553 360 3593 est
372 3542 399 3592 in
412 3542 519 3614 Euryali
531 3562 571 3594 re-

68 3621 181 3690 pentino
200 3619 311 3670 consilio
323 3639 348 3669 v.
367 3620 419 3687 334
434 3640 493 3692 sqq.
513 3639 572 3691 spu-

69 3699 108 3750 τέο
121 3708 252 3764 extremo,
265 3712 382 3752 extrema
394 3700 473 3752 stadii
485 3714 570 3771 parte;

70 3781 207 3830 nonenim
219 3780 312 3849 plura,
330 3780 404 3851 quod
419 3800 461 3852 ap.
475 3783 572 3834 Home·

69 3877 130 3910 rum
149 3857 192 3923 fit,
209 3861 297 3930 spatia
313 3862 461 3912 confecisse
477 3860 571 3912 videu-

68 3951 122 3989 tur.
144 3939 238 3990 Finem
256 3941 411 4010 exquisitius
429 3959 480 4010 pro
501 3955 573 3994 meta

71 4017 145 4068 dixit.
163 4017 223 4069 loevt'
234 4021 363 4091 sanquine
376 4039 426 4090 pro
443 4021 501 4072 solo
514 4021 572 4072 taevi

69 4111 183 4170 propter
202 4102 368 4172 sanguinem.
381 4130 416 4141 -·
427 4102 487 4155 330.
512 4120 572 4156 san-

619 2508 677 2578 guis
687 2509 844 2578 superfusus
859 2504 908 2575 (ut
920 2502 992 2555 Serv.
1005 2501 1016 2573 )
1028 2500 1122 2554 made·

619 2588 720 2639 lecerat
729 2587 840 2638 humum
850 2584 1001 2636 herbosam.
1013 2582 1122 2653 uestipia

620 2665 747 2730 titubata,
775 2664 918 2729 audacius,
941 2675 971 2712 ut
989 2680 1005 2712 a
1023 2672 1121 2730 poeta,

620 2764 670 2816 pro
687 2746 801 2817 pedibus
814 2741 1000 2794 titubantibus.
1012 2770 1048 2779 -
1060 2740 1120 2803 334.

619 2846 720 2878 amores
726 2827 796 2878 male
804 2824 884 2876 modo
894 2823 928 2875 ad
939 2836 1057 2893 turpem,
1068 2840 1123 2872 mo·

621 2907 656 2958 do
677 2906 711 2958 ad
730 2925 856 2978 magnum
873 2921 989 2955 amorem
1003 2902 1120 2953 trahunt.

620 2986 695 3038 Nihil
706 2986 779 3038 aliud
790 2998 843 3049 est,
862 3002 943 3054 quam
961 2983 1068 3053 poetica
1079 3001 1123 3034 ra-

621 3069 659 3118 tio
683 3085 733 3136 pro
754 3066 872 3136 vulgari,
891 3080 967 3113 umor
984 3063 1050 3133 sing.
1072 3081 1123 3114 nu-

620 3164 759 3198 mero.-
724 3145 837 3198 -.338
863 3144 956 3194 Prima
979 3151 1066 3208 tenet,
1088 3130 1124 3195 ui

620 3226 718 3294 πρῶτα,
739 3226 879 3277 ιὶοῑοιίιιιιι
909 3223 1012 3275 obtinet
1034 3225 1122 3292 primo

620 3305 695 3370 loco,
713 3305 811 3357 amoris
825 3301 956 3355 beneficio
978 3314 1004 3354 et
1022 3302 1121 3354 studio.

620 3384 725 3455 —339.
746 3383 822 3435 tertia
836 3381 944 3454 palma,
963 3384 1041 3433 tertio
1060 3383 1122 3434 loco

620 3468 719 3530 victor,
732 3466 835 3517 ratione
843 3465 964 3534 poetica,
975 3481 1055 3533 quam
1063 3465 1123 3535 ipsa

619 3547 667 3599 illa
678 3546 800 3616 exempla
818 3545 968 3608 illustrant,
989 3563 1047 3615 quae
1059 3547 1122 3596 Bur-

619 3644 733 3678 mannus
741 3624 834 3677 laudat
842 3623 914 3676 adh.
923 3623 941 3674 l.
951 3635 976 3674 et
986 3623 1120 3675 Drakenb.

621 3705 655 3757 ad
667 3706 759 3758 Silium
768 3704 845 3769 XVI,
858 3702 918 3770 504.
933 3705 968 3755 cf.
983 3703 1080 3774 Georg.
1093 3703 1122 3766 I,

621 3784 663 3855 59.
675 3785 723 3835 ubi
733 3782 837 3855 palmus
850 3781 977 3834 Eliadum
994 3799 1123 3853 equarum

620 3877 702 3935 poeta
717 3863 784 3914 dixit
801 3880 883 3934 equas
900 3862 1022 3913 victrices
1035 3861 1062 3909 in
1075 3858 1122 3910 de·

621 3945 742 3996 cursibus
769 3944 923 4015 Olympicis.
949 3938 1063 4003 Palma,
1092 3950 1123 3990 ut

621 4024 730 4075 victorin
740 4061 749 4087 ,
767 4036 793 4074 et
810 4041 878 4095 supe
898 4021 951 4074 alia
970 4019 1123 4086 abstracta,

620 4115 792 4174 provictore.
