2670 4822
425 352 664 419 AENEIDOS
688 354 843 421 LIBER
864 352 930 423 Vs

138 475 309 542 Victorem
321 477 427 540 Buten
441 475 565 541 inmani
576 460 732 568 corpore,
746 481 866 568 quise,

137 583 298 674 Bebrycia
309 583 447 647 veniens
458 584 573 672 Amyci
586 582 754 672 degente,
768 586 909 667 ferebat,

136 688 299 767 Perculit,
314 705 347 752 et
359 687 449 752 fulva
460 688 699 753 moribundum
713 691 860 757 extendit
871 716 979 758 arena.

134 795 226 860 Talis
238 795 347 883 prima
359 796 462 859 Dares
474 812 573 883 caput
585 796 688 859 altum
701 798 735 861 in
747 799 859 886 praelia
871 799 972 879 tollit,

136 899 362 990 Ostenditque
375 899 532 965 humeros
545 901 642 981 latos,
656 902 849 994 alternaque
857 906 960 995 jactat

136 1007 277 1073 Brachia
289 1006 508 1095 protendens,
523 1024 556 1072 et
567 1008 720 1074 verberat
732 1010 851 1076 ictibus
863 1034 969 1076 auras.

135 1114 307 1196 Quaeritur
318 1113 396 1180 huic
408 1114 509 1179 alius:
523 1137 585 1180 nec
598 1117 774 1206 quisquam
787 1141 826 1182 ex
838 1118 969 1205 agmine
982 1133 1074 1183 tanto

136 1217 247 1283 Audet
259 1217 352 1283 adire
364 1220 487 1299 virum,
502 1219 722 1310 manibusque
735 1221 893 1288 inducere
906 1240 1025 1288 cestus.

136 1325 225 1413 Ergo
237 1325 370 1404 alacris,
384 1341 589 1413 cunctosque
601 1327 895 1414 putansexcedere
909 1329 1032 1417 palma,
1146 1341 1192 1388 380

169 1475 223 1539 372.
235 1477 318 1520 Batem
328 1487 375 1521 tres
386 1476 479 1532 burm„
494 1488 518 1521 et
530 1491 591 1521 unus
604 1477 685 1522 Buten.
696 1479 778 1524 llamb.
792 1494 838 1525 sec.
852 1483 866 1523 i.
879 1482 920 1545 qui
929 1496 950 1526 c.
962 1495 1017 1526 sese.
1028 1480 1057 1525 At
1068 1479 1112 1525 boc
1125 1496 1153 1525 er
1163 1496 1192 1526 eo

137 1549 284 1603 tenebimus,
304 1559 330 1592 ut
347 1549 539 1610 interpungamus
550 1565 555 1594 :
567 1551 690 1611 ,Victorem
701 1551 787 1606 Buten,
800 1554 885 1596 inomni
894 1568 986 1615 corpore
1001 1556 1044 1616 qui
1056 1567 1080 1597 se
1091 1552 1192 1614 -jere-

137 1619 185 1665 bat.
199 1632 226 1664 ut
238 1618 282 1664 inf.
292 1619 361 1674 Vlll,
377 1633 427 1679 ¹99·
441 1635 522 1683 meque
534 1633 558 1664 se
575 1618 632 1665 mole
638 1620 738 1682 ferebat.
751 1646 783 1656 --
794 1621 847 1684 374.
855 1624 956 1668 Perculit
964 1638 1025 1669 unus
1035 1623 1095 1667 Pier.
1106 1624 1147 1683 qui
1159 1632 1192 1666 est

136 1691 266 1735 Romanus:
275 1688 374 1734 Pertulit
384 1688 444 1744 duo,
456 1691 538 1735 vitiose
551 1701 577 1734 ut
587 1705 655 1753 sape.
665 1716 697 1726 -
706 1691 760 1754 375.
773 1696 796 1736 in
810 1696 905 1754 proemie
918 1692 1012 1738 Vratisl.
1024 1717 1056 1727 ·-
1067 1690 1120 1753 377.
1131 1707 1194 1753 pre-

138 1761 232 1806 tendens
249 1760 297 1806 duo
310 1762 404 1816 Burm,
417 1777 477 1806 unus
492 1763 635 1823 portendens.
646 1762 743 1824 -378,
761 1762 812 1809 lu'nc
831 1777 876 1811 tres
891 1768 970 1811 Burm.
989 1763 1023 1809 lu'c
1034 1764 1121 1808 Medic.
1134 1779 1146 1807 a
1160 1779 1192 1807 m.

137 1847 175 1892 pr.
188 1833 277 1894 uqmine
290 1840 335 1877 toto
348 1847 385 1892 pr.
399 1831 509 1877 Rottend.
521 1857 552 1867 --
567 1831 619 1894 379.
635 1848 679 1896 pue
693 1832 758 1878 abest
774 1850 786 1879 a
803 1835 864 1880 binis
875 1835 954 1881 Burm.
966 1849 993 1878 ve
1009 1831 1098 1877 Zulich.
1110 1841 1192 1877 caestus

136 1900 228 1962 ubique
237 1901 361 1956 scribitur,
374 1903 444 1946 etiam
454 1904 478 1946 in
493 1901 601 1947 Mediceo
612 1919 618 1947 :
630 1902 770 1966 etymologia
783 1899 831 1950 cirri
844 1903 888 1951 τοῦ
898 1902 983 1950 stessi
995 1901 1097 1966 postulat
1110 1910 1192 1947 cestus.

137 1967 186 2012 Sed
198 1970 224 2013 in
235 1972 301 2014 omni
313 1984 435 2025 sermone,
453 1973 522 2017 etiam
537 1983 632 2027 nostro,
644 1987 700 2017 usus
711 1987 772 2034 saepe
784 1974 931 2037 etymologiae
942 1972 1084 2019 adversatur.
1096 1995 1129 2005 -
1140 1969 1193 2016 380.

136 2036 216 2084 alacer
227 2041 303 2100 Rigor.
313 2043 445 2104 cunctisque
458 2058 494 2104 pr.
507 2043 600 2104 Menag.
612 2041 689 2105 paline
700 2055 753 2106 post
762 2046 865 2091 Pieriam
876 2044 986 2091 Heinsius
998 2055 1077 2089 tuetur
1088 2042 1194 2086 omnium

134 2113 292 2157 vetustiorum
301 2112 372 2158 codd.
387 2126 411 2158 ct
423 2113 632 2159 Grammaticorum
640 2117 787 2162 auctoritate.
800 2117 867 2163 Adde
878 2115 1011 2162 Markland.
1022 2114 1053 2159 ad
1071 2113 1126 2181 Sunt.
1137 2110 1193 2157 silv.

137 2260 212 2293 more
230 2254 293 2294 ante
310 2255 415 2316 portam
435 2244 575 2317 sepelivitt
599 2248 644 2298 cui
693 2248 720 2298 id
733 2263 788 2312 est,
806 2249 855 2300 sub
869 2266 951 2320 regno
963 2245 1069 2317 Amyci,
1084 2255 1195 2295 venerat

137 2318 212 2375 ludos
215 2324 345 2394 funebres
351 2324 427 2394 fecit.
441 2328 475 2377 At
487 2329 571 2379 Buten
582 2345 644 2379 sna·
692 2330 813 2397 Trojam;
823 2341 868 2379 aut
877 2325 1071 2378 ortumducens
1084 2342 1100 2374 a
1112 2325 1194 2394 stirpe

136 2403 205 2454 viter
218 2405 252 2455 ab
266 2406 367 2477 Amyco
380 2405 503 2472 deduxit,
519 2409 564 2479 qui
584 2408 643 2459 Pol·
692 2407 785 2480 Amyci
805 2407 940 2479 Bebrycii:
961 2417 987 2457 et
1005 2403 1057 2456 hoc
1076 2417 1193 2475 prestat.

136 2480 225 2534 lucem
234 2498 441 2554 provocaverat,
453 2505 535 2557 quum
547 2490 569 2538 is
582 2507 643 2539 curn
685 2487 791 2557 ferebat
809 2506 850 2552 se,
868 2485 1024 2548 incedebat,
1040 2495 1070 2534 ut
1088 2485 1113 2546 1,
1133 2482 1193 2536 503.

136 2562 301 2636 Argonautis
322 2565 357 2617 ad
373 2566 501 2639 Bithyniae
519 2568 582 2619 litus
600 2587 642 2620 ac·
695 2565 766 2618 Talis
775 2578 832 2618 erat
840 2567 909 2619 Dido
919 2604 927 2631 ,
939 2563 1018 2616 talem
1027 2582 1053 2616 se
1061 2562 1120 2615 loeta
1124 2562 1196 2632 fere·

138 2647 269 2697 cessisset.
291 2666 317 2696 v.
337 2648 463 2718 Apellen.
483 2649 529 2700 lib.
550 2650 582 2700 ll.
600 2668 642 2719 pr.

138 2724 207 2778 Cave
220 2738 312 2779 tamen
333 2747 392 2779 eum
412 2728 563 2781 confundas
583 2749 643 2780 cum

138 2807 221 2872 Bute,
233 2807 371 2860 Teleontis
383 2809 403 2860 f.
423 2828 456 2862 ex
471 2811 643 2881 Argonauta·

138 2905 196 2938 rum
214 2907 341 2953 numero,
362 2891 408 2959 qui
426 2888 547 2941 Sirenum
560 2901 642 2941 cantu

139 2967 286 3018 fascinatus
308 2969 336 3018 in
358 2968 503 3039 Lilybaeum
525 2970 643 3020 enatavit

139 3045 250 3098 Veneris
269 3046 416 3099 beneficio:
444 3046 568 3118 Apellen.
591 3048 641 3109 lv,

139 3143 189 3194 9¹²
203 3145 243 3198 sq.
262 3126 388 3198 Apollod.
402 3129 427 3192 1,
447 3146 477 3197 9,
492 3127 524 3193 25
537 3128 570 3180 de
588 3146 642 3198 quo

138 3225 162 3259 v.
176 3209 323 3260 Burmann.
337 3207 422 3259 Cutnl.
435 3210 583 3280 Argonaut.
597 3210 643 3259 Di·

138 3306 229 3341 versus
248 3306 355 3359 quoque
368 3291 447 3340 Butes
467 3288 611 3339 Pandionis
622 3289 641 3339 f.

141 3386 219 3439 aquo
232 3369 355 3432 Butades,
366 3368 519 3421 sacerdotio
530 3368 642 3420 Athenis

138 3450 254 3520 insignes
264 3470 270 3499 :
282 3467 307 3499 v.
321 3447 446 3519 Apollod.
458 3450 507 3512 111,
523 3449 566 3512 15,
584 3466 604 3499 1.
616 3463 642 3501 et

137 3526 230 3585 Notas.
245 3547 324 3599 quem
337 3546 395 3598 sup.
410 3527 480 3593 adl,
499 3527 555 3580 156.
569 3529 600 3576 V.
610 3530 638 3580 L.

137 3607 165 3658 in
182 3607 305 3678 Orphica
322 3607 457 3659 reduxisse
471 3606 573 3658 videor.
587 3608 641 3659 Da·

137 3705 178 3740 res
190 3701 216 3740 et
226 3687 346 3739 Entellus
357 3690 438 3740 etiam
447 3689 639 3760 epigrammate

138 3782 267 3821 ornantur
292 3767 437 3840 Anthulog.
466 3787 506 3840 gr.
532 3767 579 3819 lib.
604 3770 644 3835 V,

137 3865 196 3920 pag.
212 3849 271 3902 526.
290 3867 315 3899 v.
337 3848 398 3918 373.
418 3850 497 3900 Butes
516 3847 644 3918 Bebrycia

137 3927 242 3979 veniens
260 3928 359 3998 Amyci
374 3929 406 3980 de
423 3938 502 4000 qente
512 3965 521 3992 ,
540 3926 644 3998 duplici

137 4007 216 4059 modo
230 4008 318 4061 dictus
330 4027 387 4062 esse
400 4022 502 4079 potest;
517 4020 579 4073 aut,
596 4009 643 4078 qui

135 4088 317 4161 exBebrycia,
328 4108 386 4160 que
396 4101 453 4142 crat
459 4107 523 4162 qens
533 4086 641 4161 Amyci,

694 2648 744 2697 bat.
758 2648 807 2713 IV,
824 2665 851 2698 ιι
874 2665 952 2718 quem
970 2663 1021 2697 sese
1038 2643 1195 2713 oreserens!

692 2727 761 2777 Nam
775 2728 828 2776 vim
847 2725 936 2777 verbis
953 2725 1052 2788 facias,
1067 2724 1089 2773 si
1098 2724 1195 2790 junxe-

693 2808 729 2856 ris
741 2828 747 2855 :
761 2804 864 2856 ferebat
877 2822 905 2856 se
915 2820 972 2855 esse
982 2802 1074 2873 Amyci
1086 2800 1119 2852 de
1132 2817 1196 2870 gen-

693 2897 732 2949 te,
744 2886 853 2936 veniens
867 2903 881 2935 e
898 2881 1034 2952 Bebrycia.
1048 2879 1129 2949 Apud
1141 2880 1196 2928 llo·

692 2984 756 3016 mer.
777 2964 795 3014 l.
810 2984 832 3014 c.
846 2961 922 3014 iliad.
936 2961 969 3025 ψ,
982 2960 1043 3028 679.
1062 2959 1123 3010 680.
1140 2958 1195 3009 Ειι-

692 3043 757 3114 ryall
769 3046 853 3094 virtus
870 3041 949 3092 simili
962 3037 1043 3089 modo
1061 3057 1196 3089 commen-

692 3122 785 3186 datur,
798 3135 878 3191 atque
897 3120 942 3170 bic
961 3119 1075 3169 Daretis.
1095 3136 1120 3168 v.
1143 3117 1196 3187 375

692 3232 726 3241 -
734 3202 794 3271 377.
808 3199 904 3251 stolide
914 3199 991 3250 ferox
999 3197 1081 3248 homo
1092 3199 1196 3269 egregio

692 3295 753 3333 ante
778 3280 870 3331 oculos
895 3291 1002 3328 nostros
1026 3279 1195 3329 constitutus.

691 3363 727 3412 cf.
740 3360 866 3431 Apollon.
882 3358 899 3409 l.
917 3378 939 3410 c.
959 3357 993 3424 45
1010 3376 1088 3428 sqq.,
1101 3369 1130 3408 ut
1146 3375 1197 3409 nec

690 3443 778 3493 minus
793 3443 820 3492 in
836 3441 973 3503 oratione,
988 3457 1046 3509 quse
1059 3440 1196 3509 sequitur;

691 3525 719 3574 in
743 3541 797 3593 qua
819 3541 880 3573 cum
902 3523 1020 3572 Homero
1044 3520 1196 3587 contendit,

689 3605 708 3656 l.
726 3626 750 3656 c.
771 3605 823 3656 666
842 3622 901 3674 sqq.
923 3622 948 3653 v.
961 3633 997 3643 -
1009 3604 1070 3655 380.
1090 3612 1197 3656 cunctos

689 3686 810 3737 excedere
817 3683 910 3755 palma
918 3722 927 3748 ,
941 3682 1064 3755 pugilatu
1074 3682 1197 3752 superior

695 3768 819 3819 omnibus
828 3785 895 3831 esse,
904 3784 987 3835 quum
996 3782 1074 3815 nemo
1086 3762 1119 3815 ad
1130 3779 1198 3813 con-

693 3867 814 3920 gressum
840 3845 962 3918 prodeat.
983 3844 1017 3896 cf.
1038 3846 1100 3894 Var.
1123 3844 1195 3892 Lect.

692 3929 789 3980 Melius
797 3941 886 3979 tamen
896 3938 935 3978 est
946 3926 1067 3994 accipere
1076 3919 1196 3971 excedere

690 4008 783 4080 palma
807 4007 909 4060 dictum
930 4024 986 4057 esse
1008 4021 1058 4072 pro
1079 4000 1195 4052 sollenui

692 4089 812 4142 decedere
821 4087 883 4146 aliis
891 4087 922 4138 dc
933 4082 1052 4137 victoria.
