2670 4822
345 385 582 453 AENEIDOS
606 387 761 453 LIBER
784 388 824 454 V.

57 513 250 604 Argolicove
262 512 346 576 mari
358 510 556 600 deprensus,
571 528 604 575 et
616 511 698 576 urbe
710 515 877 601 Mycenae3

57 624 170 686 Annua
182 635 263 684 vota
275 635 386 682 tamen
399 617 625 705 sollennisque
638 616 755 681 ordine
768 638 908 705 pompas

56 728 276 815 Exsequerer,
290 741 521 811 strueremque
533 723 600 786 suis
612 723 726 790 altaria
738 721 845 786 donis.

55 833 148 897 Nunc
160 832 251 895 ultro
263 829 306 894 ad
318 830 446 895 cineres
459 829 562 916 ipsius
575 844 608 892 et
621 850 694 893 ossa
706 829 867 917 parentis,

56 936 151 1004 Haud
166 936 324 1026 equidem
337 936 408 1001 sine
420 952 547 1013 mente,
561 957 651 1014 reor,
666 935 737 998 sine
749 935 887 998 numine
900 932 1027 1012 divom,

54 1042 235 1120 AdsumuS,
250 1059 283 1106 et
294 1058 410 1130 portus
423 1039 523 1104 delati
535 1041 695 1105 intramus
707 1041 841 1105 amicos.

56 1150 140 1237 Ergo
152 1148 255 1236 agite,
271 1163 303 1212 et
313 1146 427 1211 laetum
439 1146 551 1210 cuncti
561 1145 768 1211 celebremus
780 1146 964 1254 honorqm3

56 1257 232 1343 Poscamus
244 1268 379 1331 ventos;
392 1268 491 1340 atque
503 1250 574 1316 haec
586 1273 640 1316 me
652 1273 743 1317 sacra
756 1252 944 1341 quotannis

1077 845 1106 891 55

83 1428 386 1496 52.Ar901uoquenranc.
405 1427 523 1492 depressus
537 1429 603 1476 Leid.
620 1444 661 1475 un.
678 1442 701 1476 et
719 1429 789 1475 Goth.
809 1445 872 1486 sec,
892 1445 920 1475 ex
937 1445 1010 1474 more.
1027 1428 1057 1474 ci.
1074 1429 1107 1472 tv

56 1505 137 1565 Georg.
151 1502 206 1559 iar.
219 1503 324 1561 Mycenoe
337 1500 425 1547 Medic.
440 1501 502 1546 Gud.
514 1517 568 1547 cum
580 1500 631 1546 aliis
648 1493 846 1563 praestantioribus
864 1517 900 1562 ap.
913 1501 974 1546 Pier.
991 1512 1013 1546 et
1026 1501 1105 1545 Heius.

53 1577 108 1621 item
123 1576 233 1628 Servius,
251 1585 278 1619 nt
296 1570 373 1617 urbem
389 1573 472 1618 Patavi
484 1589 536 1636 sup.
552 1574 576 1629 1,
592 1571 643 1634 247.
663 1571 723 1626 Alii,
744 1571 786 1617 sed
805 1573 941 1618 recentioris
956 1582 1031 1626 notae,
1048 1581 1106 1616 teste

55 1645 148 1700 Heius,
161 1645 267 1703 Myrene.
280 1645 397 1688 Romanus
409 1656 454 1690 eta
467 1660 502 1706 pr.
514 1660 545 1689 m.
556 1642 596 1689 alii
606 1644 721 1702 Mycenis,
734 1641 798 1705 quod
810 1643 917 1705 placebat
926 1644 1016 1697 Pierio,
1024 1641 1064 1687 sed
1073 1651 1107 1686 cst

54 1716 155 1778 vulgare.
171 1715 279 1761 Tandem
295 1715 385 1777 aliquot
398 1716 459 1762 Picr.
474 1727 497 1761 et
508 1717 587 1761 lleins.
603 1730 656 1760 cum
668 1712 774 1761 Parrbas.
790 1727 813 1760 et
824 1717 885 1762 Ven.
901 1714 970 1761 Goth.
987 1729 1033 1760 sec.
1051 1715 1107 1772 My-

54 1799 120 1840 cena,
134 1784 200 1848 quod
211 1785 307 1830 Heinsio
318 1785 474 1846 probabatur,
488 1798 598 1848 tanquam
609 1785 755 1829 numerosius
767 1795 790 1829 et
802 1784 832 1829 ad
843 1797 918 1847 poetae
930 1799 1018 1828 morem
1028 1783 1107 1827 Graeca

54 1853 123 1900 latina
135 1855 302 1900 terminatione
315 1854 430 1901 efferendi
442 1857 547 1918 propius.
558 1857 596 1901 Sic
605 1853 647 1899 inf.
659 1853 704 1915 718
714 1853 792 1899 urbem
802 1855 917 1900 Acestam.
928 1855 1029 1898 Ouwens
1038 1853 1105 1896 Noct.

55 1926 107 1987 Hag.
121 1941 146 1987 p.
161 1923 207 1971 368
219 1925 283 1971 hunc
296 1925 373 1972 locum
385 1926 465 1972 laudat
477 1939 588 1990 tauquam
599 1926 765 1973 retundentem
775 1929 876 1989 impetus
890 1942 983 1980 eorum,
998 1926 1040 1987 qui
1050 1923 1106 1968 ubi-

54 2011 97 2058 que
109 2011 138 2040 ve
148 2010 248 2060 proque
259 1995 374 2053 infer-ann
391 2012 445 2042 nam
457 2013 506 2043 esse
518 1997 653 2059 Argolicove
664 1999 789 2043 mari-et
803 1998 869 2043 urbe.
887 1999 972 2043 Recte:
989 1993 1060 2040 modo
1075 2008 1105 2039 ne

54 2066 181 2112 contendas
196 2082 242 2130 que
257 2083 305 2114 esse
319 2084 363 2130 pro
377 2068 517 2130 disjunctiva
533 2067 655 2130 particula.
673 2068 719 2114 Sed
733 2085 776 2131 pro
791 2070 865 2115 tribus
879 2081 949 2130 poeta
966 2067 1013 2112 duo
1029 2079 1106 2110 mem·

53 2135 91 2182 bra
103 2153 196 2200 ponere
209 2139 341 2201 putandus:
359 2141 436 2203 Syrtes
452 2139 615 2202 Argolicumve
631 2156 708 2196 mare,
732 2152 755 2187 et
773 2157 825 2187 cum
841 2140 914 2187 altero
931 2139 976 2185 boc
992 2137 1107 2199 conjungit

54 2209 134 2256 urbem
144 2208 341 2273 Mycenen-53.
352 2227 397 2274 qne
411 2213 476 2258 abest
488 2228 501 2257 a
514 2213 575 2258 binis
585 2214 663 2257 Burm.
678 2228 722 2275 que
736 2228 765 2258 ex
779 2213 856 2259 ordine
867 2214 927 2258 Ven.
939 2236 971 2246 -
983 2208 1019 2265 54.
1032 2217 1106 2253 strue-

54 2296 125 2327 remve
145 2280 201 2328 edd.
219 2298 256 2345 ap.
271 2284 350 2328 Burm.
363 2309 395 2319 -
407 2284 444 2346 57.
456 2282 522 2329 dilati
536 2285 612 2347 Sprot.
629 2299 704 2330 aenos.
722 2284 792 2331 Goth.
810 2296 863 2331 tert.
876 2301 889 2329 a
901 2300 931 2329 m.
944 2298 980 2344 pr.
993 2306 1023 2316 -
1035 2277 1071 2325 58.
1083 2287 1107 2324 et

57 2354 132 2396 cuncti
149 2349 228 2396 lutum
244 2351 323 2414 vulgg.
343 2353 412 2398 codd.
425 2366 449 2399 et
465 2354 519 2400 edd.
532 2367 616 2416 praeter
629 2355 691 2400 Pier.
707 2366 730 2402 et
747 2357 826 2402 Heius.
847 2354 924 2410 [tetum
939 2354 1025 2398 cunctis
1041 2351 1105 2410 conj.

57 2420 147 2478 Heius,
156 2421 200 2467 sed
208 2437 230 2468 v.
238 2423 293 2467 Not.
303 2424 356 2469 Non
362 2424 496 2487 jucundum
502 2425 544 2472 sed
555 2436 646 2488 gratum
655 2441 746 2472 sacrum
757 2427 887 2490 significare
896 2423 954 2471 vult.
964 2447 996 2459 ·-
1004 2423 1041 2483 59.
1048 2421 1105 2465 Pos-

55 2571 161 2623 inferias
174 2583 201 2624 et
212 2575 364 2644 parentalia
377 2576 411 2628 ab
422 2589 554 2647 apparatu

56 2648 176 2702 sacrificii
192 2651 308 2704 sollenni
326 2652 456 2726 designat.
470 2655 552 2721 -54,

56 2730 182 2799 exquisite
191 2730 556 2799 alturiastruimau,exstrui·

56 2827 127 2874 mus,
147 2810 230 2863 donis.
243 2811 332 2883 Vulgo
344 2811 413 2864 dona
425 2812 451 2863 h.
465 2832 488 2865 e.
509 2830 555 2864 sa·

56 2904 101 2940 crae
111 2907 164 2955 res,
176 2907 233 2960 quae
248 2891 409 2956 offeruntur,
420 2902 555 2944 exstruun-

56 2968 136 3019 turin
148 2987 204 3020 ara.
223 2999 259 3008 -
270 2971 337 3037 suis,
358 2970 386 3024 h.
401 2990 425 3024 e.
448 2971 553 3024 debitis.

57 3048 87 3097 cf.
101 3048 158 3100 Ecl.
171 3050 226 3114 Ill,
239 3049 283 3101 62.

87 3126 121 3179 55
132 3145 172 3198 sq.
183 3125 292 3196 Quanto
304 3132 388 3202 magis
397 3149 483 3195 nunc,
494 3150 554 3183 cum

57 3207 553 3276 etc.sinemente,sinenuminedr'vom,

57 3287 107 3338 sine
120 3288 234 3339 consilio
245 3287 421 3342 acvoluntate
431 3289 551 3341 deorum.

56 3365 135 3418 -58.
150 3366 291 3432 bonorem,
311 3367 420 3421 easdem
442 3369 552 3420 inferias
581 3416 584 3422 .

52 3444 79 3495 in
99 3445 233 3498 honorem
251 3446 372 3498 Anchisae
396 3447 551 3512 iaciendas,

56 3522 140 3576 loetrtm
150 3565 159 3591 ‚
171 3525 312 3592 alacriter,
321 3527 425 3579 lubenti
435 3546 467 3579 ac
476 3546 553 3598 para-

55 3616 79 3654 ιο
98 3609 188 3657 animo
200 3606 384 3660 celebrandas.
406 3611 494 3660 Factis
511 3610 554 3659 in-

55 3684 123 3737 feriis
136 3685 202 3738 deos
212 3705 350 3756 poseamus
362 3698 449 3740 ventos
460 3706 552 3740 secun·

57 3763 112 3828 dos;
125 3777 207 3838 utque
215 3804 224 3830 ‚
237 3766 284 3818 ubi
299 3769 327 3818 in
347 3780 446 3820 terram
462 3787 551 3821 mons-

56 3856 147 3898 tratam
168 3849 385 3916 pervenerimus,
407 3853 550 3919 quotannis

56 3923 102 3993 ipsi
113 3924 162 3976 bas
172 3927 282 3978 inferias
292 3928 468 3981 instauremus
478 3951 485 3991 ;
497 3931 549 3983 hoc

56 4005 137 4056 minus
164 4007 311 4079 vulgariter
339 4010 433 4061 extulit
455 4033 461 4059 ι
488 4013 551 4062 urbe

55 4083 134 4149 posita
144 4082 262 4142 velitille
270 4086 422 4163 (Anchises)
432 4108 474 4142 me
477 4089 552 4160 ferre

603 2579 654 2630 sibi
666 2580 678 2648 (
686 2579 809 2651 adeoque
817 2578 913 2630 lubens
926 2597 957 2629 ac
971 2574 1103 2647 propitius

604 2660 731 2731 accipiat)
740 2659 794 2712 boec
800 2677 873 2712 sacra
882 2656 1034 2730 quotannis,
1044 2665 1105 2705 tem·

601 2736 655 2807 plis
665 2739 764 2791 dicatis.
777 2738 882 2802 Verba,
892 2737 1032 2788 Possumus
1044 2751 1106 2782 ven·

604 2825 656 2880 tos,
667 2835 691 2867 v.
704 2815 738 2886 59
747 2819 785 2869 sic
798 2819 862 2868 satis
875 2812 1015 2867 commode
1025 2830 1106 2881 expo-

603 2896 688 2947 suisse
710 2895 848 2957 videmur;
874 2907 904 2944 ut
928 2895 979 2956 sit,
1002 2891 1105 2942 inferiis

604 2975 696 3039 factis,
715 2988 823 3026 ventum
845 2971 992 3024 secundum
1015 2970 1104 3033 nacti,

605 3053 639 3105 ad
647 3067 745 3106 terram
755 3055 817 3106 fatis
825 3056 1001 3102 monstrfflam
1011 3049 1106 3100 tenda·

604 3152 676 3199 mus,
689 3135 780 3204 ibique
796 3133 939 3204 quotannis
962 3130 1014 3181 hoc
1033 3128 1105 3181 idem

604 3229 708 3265 sacrum
740 3215 790 3264 rite
815 3224 974 3282 repetamus.
999 3209 1106 3261 Habent

603 3291 1103 3364 tamenventialiquidalocoalienum;

602 3390 665 3423 nam
683 3371 806 3424 Anchisae
825 3372 891 3423 fiunt
914 3373 1029 3436 inferiae,
1049 3389 1105 3421 non

602 3468 678 3503 sacra
691 3451 741 3502 diis
754 3452 877 3504 secundae
884 3453 1050 3524 navigationi
1060 3469 1105 3503 ex-

601 3531 731 3601 petenda.
744 3532 801 3583 Nec
825 3531 944 3583 succedit
961 3549 1004 3582 res
1025 3531 1104 3596 satis,
1168 3552 1175 3560 ·

602 3614 625 3662 si
634 3630 739 3682 poscere
759 3623 847 3664 ventos
868 3612 1000 3683 intelligas
1014 3610 1047 3663 de
1060 3629 1104 3662 re·

601 3693 718 3763 petenda
738 3694 930 3764 navigatione,
952 3704 997 3757 ut,
1012 3710 1102 3762 quem·

601 3771 746 3823 admodum
774 3771 846 3822 venti
869 3781 997 3822 vocantur
1022 3768 1102 3832 velis,

600 3854 638 3904 sic
648 3864 675 3904 et
677 3862 832 3923 poscantur,
843 3851 909 3903 velis
923 3851 1045 3920 expansis
1056 3869 1062 3897 :
1072 3859 1103 3896 ut

599 3933 651 4001 Ill,
677 3931 726 3984 253
749 3932 884 4004 ventisque
901 3931 1003 3982 >vocatis
1027 3926 1103 3979 Ibitis

599 4010 724 4072 Italiam
739 4031 773 4063 ne
790 4023 879 4062 tamen
892 4020 991 4061 tentem
1003 4005 1101 4072 verba,

599 4106 708 4147 revocat
728 4112 789 4160 me,
808 4090 881 4162 quod
902 4090 973 4140 infra
990 4105 1015 4141 v·
1039 4086 1100 4158 639.
