2670 4822
379 402 398 418 ··
425 375 661 443 uncinos
686 378 840 444 utana
861 381 902 444 v.
1166 387 1186 454 3

136 504 255 576 genium,
265 502 360 554 facere
365 501 435 554 forta
442 503 531 572 potuit
537 502 638 573 Erycis,

137 582 223 636 herois
236 581 381 655 indigetis,
404 581 570 646 recordatio,
593 581 640 651 qui

138 664 207 714 iniis
219 663 304 728 locis,
317 660 354 713 ad
363 679 421 733 quae
433 659 544 730 Trojani
557 678 642 731 appu·

137 741 238 808 lerant,
268 742 372 794 clarum
397 741 518 813 pugilatu
541 758 639 791 nomen

138 823 264 876 babebat.
290 822 411 874 Catroeus
436 821 544 893 quidem
561 819 640 873 valde

141 914 233 956 acutus
269 902 321 953 sibi
349 901 490 953 videbatur
522 903 549 952 in
571 899 640 965 hoc,

142 982 215 1053 quod
226 983 330 1053 primns
340 980 465 1046 vidisset,
479 980 513 1032 ad
524 979 603 1031 ludos
616 981 644 1030 in

142 1062 253 1115 Cesaris
264 1061 397 1116 honorem
418 1061 451 1113 ab
463 1061 584 1132 Augusto
596 1058 646 1111 ha-

144 1142 214 1195 bitos
221 1142 365 1215 Virgilium
377 1142 531 1211 respexisse.
544 1142 645 1192 Verum

144 1235 170 1274 et
180 1222 255 1274 idem
267 1221 342 1273 'illud
355 1233 534 1272 commentum
554 1221 610 1289 jam
630 1237 646 1270 a

144 1302 279 1354 veteribus
312 1299 566 1352 commentatoribus
594 1299 646 1348 fuit

146 1381 278 1446 allatum,
302 1392 329 1431 et
352 1397 400 1430 seu
425 1377 577 1431 affirmandi
600 1395 647 1428 seu

146 1460 264 1533 negandi
289 1477 397 1512 caussas
425 1459 536 1511 idoneas
565 1457 648 1510 babet

147 1541 243 1594 nullas.
258 1540 399 1591 Enimvero
412 1540 446 1590 ab
459 1540 575 1589 Homero
586 1535 648 1588 inde

147 1623 236 1676 nullus
248 1621 327 1675 facile
347 1623 397 1673 fuit
410 1634 508 1692 poeta,
530 1620 576 1689 qui
594 1634 649 1669 non

148 1714 334 1776 argumentum
350 1702 403 1753 hoc
420 1701 455 1754 ad
476 1703 588 1752 istorum
599 1698 651 1751 ho·

148 1787 266 1848 minum,
277 1781 432 1834 Graeoorum
444 1782 580 1852 inprimis,
593 1780 650 1832 ani·

149 1882 205 1915 mos
234 1882 266 1914 ac
290 1880 384 1914 sensus
411 1860 650 1931 jucundissimum,

151 1945 300 2013 attingeret.
316 1941 347 1990 ln
359 1940 455 1991 Graecis
469 1939 577 2010 quidem
589 1957 652 2010 poe·

151 2026 183 2075 tis
191 2021 338 2093 deperditis
346 2019 425 2090 plura
431 2019 586 2089 hujusmodi
596 2039 653 2071 cer-

151 2100 652 2172 tamina,ludispraecipuefunebribus,

152 2187 232 2238 fuisse
244 2195 376 2247 tractata,
388 2182 430 2234 vol
443 2194 470 2234 et
482 2184 587 2253 Hygino
600 2181 654 2232 dis·

154 2286 211 2332 cas,
231 2267 251 2317 f.
267 2264 428 2315 CCLxxJIt.
452 2263 575 2333 Inprimis
597 2260 655 2313 ludi

154 2345 278 2398 funebres
301 2345 329 2394 in
353 2341 464 2393 Achillis
487 2340 619 2392 honorem
639 2358 656 2390 a

155 2425 265 2480 Thetide
288 2424 407 2477 instituti
434 2420 524 2473 nobile
547 2421 657 2472 filerunt

689 513 888 573 argumentum,
898 521 923 554 v.
931 501 1067 577 odyss-n,
1075 506 1109 561 8⁵
1116 526 1187 580 sqq,

690 581 764 653 quod
784 585 927 653 repetitum
939 583 1032 637 videas
1050 605 1068 640 a
1086 586 1188 657 Quinto

690 663 746 714 Cal.
757 664 804 727 IV,
820 679 867 715 tto
882 681 958 735 sqq.,
972 682 1041 737 saepe
1053 666 1125 721 idem
1134 689 1190 723 me-

688 756 821 796 moratum
833 745 860 795 in
873 745 1002 816 Tragicia.
1019 746 1190 819 Argonauta-

690 844 750 876 rum
758 825 905 876 certamina
916 842 941 875 v.
955 826 983 876 in
994 825 1119 896 Orphicis
1138 831 1189 902 575

691 923 730 976 sq.
755 905 849 971 Hinc,
876 903 1030 955 Graecorum
1050 919 1192 975 poetarum

693 984 831 1055 exemplo,
859 984 973 1035 Romani
992 1002 1100 1056 quoque
1120 986 1193 1042 hunc

694 1067 869 1118 certaminum
880 1064 970 1115 locum
984 1068 1083 1136 passim
1098 1072 1194 1120 carmi-

694 1146 773 1199 nibus
802 1147 856 1196 suis
884 1146 1068 1211 intexuerunt,
1091 1148 1197 1220 Virgilii

695 1227 807 1275 maxime
829 1223 947 1294 judicio;
972 1227 1092 1295 inprimis
1116 1227 1195 1281 Silius

695 1305 773 1368 XVI,
793 1303 844 1372 249
863 1321 938 1374 sqq.,
955 1315 981 1355 et
995 1302 1094 1355 Statius
1109 1306 1193 1358 Theb.

696 1384 744 1436 lib.
753 1385 806 1449 Vl,
820 1402 887 1454 quos
905 1401 966 1434 cum
979 1384 1090 1455 Virgilio
1101 1387 1197 1439 Home·

697 1485 782 1536 roque
795 1483 966 1536 comparasse
979 1481 1034 1516 nou
1046 1468 1198 1536 poenitebit,

698 1544 774 1599 simul
795 1557 825 1595 ut
847 1545 995 1616 intelligas,
1015 1557 1092 1614 tum,
1117 1565 1199 1619 quam

698 1643 794 1696 parum
805 1626 833 1675 in
853 1638 935 1694 poeta
952 1642 994 1676 ars
1016 1626 1071 1676 sine
1090 1627 1200 1700 ingenio

698 1704 804 1771 valeat,
825 1715 897 1769 tum,
920 1722 1000 1774 quam
1024 1706 1117 1776 iniqua
1142 1710 1199 1778 ejus

700 1801 757 1836 sors
770 1785 817 1851 sit,
831 1776 893 1854 dui,
906 1802 968 1834 oum
986 1782 1044 1835 aliis
1057 1797 1133 1839 atate
1150 1807 1199 1839 an·
1247 1812 1250 1826 ·

701 1865 843 1918 terioribus
860 1864 1001 1931 succedat,
1018 1866 1046 1916 in
1059 1881 1201 1939 angustum

700 1945 858 1996 imitationis
872 1943 964 1996 orbem
981 1944 1062 1997 semel
1073 1964 1100 1998 sa
1113 1948 1202 2000 immi·

702 2025 773 2076 serit.
784 2023 814 2074 In
827 2040 931 2075 summa
939 2041 1029 2074 rerum
1041 2027 1122 2094 eopia
1132 2045 1202 2098 pau-

704 2122 752 2175 per
761 2116 787 2152 et
794 2103 901 2170 jejunus
910 2114 950 2152 est
959 2100 1065 2154 Statius.
1075 2102 1204 2174 Spiritum

702 2183 840 2257 poeticum
852 2183 941 2233 atterit
953 2183 979 2232 in
993 2182 1104 2236 exilibus
1122 2204 1204 2237 orna·

703 2262 811 2322 mentis;
825 2279 897 2331 quae,
910 2262 960 2313 etsi
972 2274 998 2312 et
1010 2264 1069 2333 ipsa
1080 2263 1205 2336 voluptass

704 2354 758 2392 tem
786 2341 926 2407 afferunt,
960 2353 1050 2393 tamen
1080 2345 1205 2396 carminis

706 2438 811 2472 summa
822 2438 919 2494 parurn
931 2418 1054 2474 delectat.

162 2871 314 2973 lucram
328 2898 479 2966 medium
492 2902 609 2965 AEneas
618 2899 688 2991 jam
701 2898 802 2962 classe
814 2896 949 2963 tenebat

161 3012 274 3076 Certus
287 3009 368 3087 iter,
379 3006 568 3096 fluctusque
580 3023 669 3072 atros
681 3004 837 3094 aquilone
849 3001 994 3081 secabat,

193 3221 213 3252 ι.
225 3206 312 3254 AEneas
325 3201 425 3248 mediam
435 3213 492 3250 vett.
505 3216 544 3264 ap.
563 3201 625 3247 Pier.
642 3211 666 3247 et
680 3197 779 3244 Dorvill.
791 3220 823 3231 -
836 3211 857 3240 a.
869 3195 946 3240 taus
958 3197 999 3241 iter
1010 3194 1068 3242 alter
1079 3196 1146 3242 Voss.
1157 3198 1214 3243 liur-

162 3290 273 3323 ntannum
283 3274 376 3319 mireris
389 3271 451 3318 ferre
461 3269 541 3328 nolle,
552 3268 641 3316 tenebat
651 3272 693 3315 iter·
697 3302 705 3324 ,
722 3279 746 3314 et
754 3269 855 3330 jungere
866 3281 872 3309 ε
885 3264 964 3310 Certus
975 3267 1025 3312 iter.
1037 3265 1073 3311 ad
1083 3275 1159 3311 certus
1171 3266 1215 3314 eli-

163 3341 272 3394 eiendum
283 3356 319 3392 est
331 3344 424 3390 funera.

201 3511 286 3579 1-4.
304 3512 418 3565 Interea.
435 3529 460 3562 v.
480 3529 538 3581 sup.
551 3512 597 3575 IV,
615 3508 667 3576 584
716 3507 776 3560 dere
785 3505 889 3578 potuit,
909 3515 935 3557 et
944 3522 993 3575 per
1003 3504 1145 3574 pristinum
1157 3521 1215 3554 mo-

165 3612 223 3665 aqq.
233 3592 342 3646 Servius
353 3614 359 3644 :
370 3592 440 3643 eirca
447 3592 567 3663 primum
579 3601 667 3642 ortum
717 3605 787 3650 ram,
800 3603 852 3657 quo
862 3601 912 3654 per
928 3584 997 3635 diem
1017 3583 1144 3635 cadavera
1163 3600 1217 3634 non

167 3672 231 3726 lacis
251 3672 505 3744 navigavit—erpo
527 3681 581 3722 tota
603 3669 667 3733 die,
719 3666 933 3719 incendebantur.
944 3665 1037 3716 Noctis
1046 3664 1102 3714 fere
1112 3675 1217 3736 tempus

167 3753 229 3806 dum
240 3770 267 3805 se
285 3751 356 3803 Dido
378 3751 522 3816 interimit,
542 3751 606 3801 dam
614 3749 670 3826 fle-
719 3745 812 3799 datum
830 3762 896 3816 rogo
915 3746 970 3816 igni
982 3742 1179 3805 consumendo,
1192 3754 1219 3793 et

169 3843 224 3899 tur,
235 3829 395 3905 paullulum
405 3830 541 3902 profectus
558 3841 611 3894 est,
631 3827 669 3880 le·
720 3827 805 3880 altero
817 3844 895 3878 mane
908 3825 978 3877 lecta
990 3842 1059 3879 ossa.
1072 3823 1115 3876 Sic
1134 3825 1161 3874 in
1172 3824 1219 3875 Pa·

168 3908 670 3983 niterspirontibusventis:etflammas
720 3907 905 3959 troclifunere
926 3904 1002 3957 Iliad.
1023 3906 1057 3970 ψ,
1080 3903 1139 3956 226.
1153 3902 1218 3955 Stat.

170 3995 227 4065 rog
252 3993 326 4044 circa
348 4009 488 4062 vesperam
510 3989 596 4054 vidit,
619 4005 671 4060 quo
720 3985 805 4038 Theb.
818 3987 869 4052 Vl,
882 3985 973 4039 236et
992 3985 1027 4036 al.
1047 3981 1162 4032 aredium
1183 3983 1218 4054 (v.

172 4083 287 4147 tempore
298 4081 326 4127 et
335 4089 386 4144 per
396 4080 521 4125 natumm
534 4068 621 4144 &cem
635 4067 673 4122 vi·
723 4084 781 4136 sup.
795 4067 838 4119 111.
851 4065 920 4137 664)
930 4064 981 4117 iter
990 4062 1035 4133 (ut
1048 4078 1168 4128 cursum,
1179 4063 1221 4115 fu,

1016 4165 1037 4199 ι.
