2670 4822
129 394 148 459 8
378 391 412 452 Ρ.
437 378 667 452 VlRGlLll
691 388 922 455 Msaortts

127 514 276 580 Advocat
287 515 418 591 AEnms,
432 511 619 601 tumulique
631 534 671 576 ex
682 534 800 600 aggere
812 514 916 577 fatur:

176 651 189 679 ιι
201 602 398 684 Dardanidae
409 619 533 706 magni,
548 641 652 705 genus
664 618 730 683 alto
742 641 761 681 a
773 620 932 706 sanguine
945 618 1072 701 divom,
1142 635 1172 691 tt

127 729 266 790 Annuus
279 726 397 789 exactis
410 725 585 812 conpletur
595 722 765 788 mensibus
778 723 881 804 orbis,

126 836 175 898 Ex
187 854 253 921 quo
266 830 435 919 relliquias
449 828 620 920 divinique
633 851 706 913 ossa
718 831 863 917 parentis

128 936 345 1003 Condidimus
357 953 459 1012 terra,
473 951 669 1023 maestasque
682 936 880 1000 sacravimus
892 959 973 1002 aras.

125 1047 265 1134 Jamque
279 1043 364 1120 dies,
378 1042 412 1105 ni
425 1039 534 1119 fallor,
549 1039 655 1119 adest,
670 1063 771 1129 quem
783 1063 915 1130 semper
925 1041 1096 1123 acerbum,

124 1153 262 1240 Semper
273 1150 474 1215 honoratum
486 1146 549 1229 (sic
562 1144 597 1209 di
609 1145 787 1231 voluistis),
801 1146 943 1213 habebo.
1048 1131 1057 1149 ’
1144 1164 1172 1210 50

125 1261 224 1322 Hunc
238 1277 313 1343 ego,
328 1253 463 1318 Gaetulis
475 1273 607 1339 agerem
619 1252 647 1315 si
659 1251 807 1340 Syrtibus
820 1255 926 1334 exsul,

156 1463 194 1520 44.
207 1461 296 1506 Anocnt
308 1459 385 1514 Ven,
404 1457 445 1504 sed
463 1475 485 1504 v.
504 1458 583 1503 tturm.
595 1455 724 1522 cumulique
739 1458 832 1521 Menag.
847 1457 877 1504 ab
892 1474 972 1524 aggere
984 1461 1052 1506 Witt.
1062 1457 1141 1517 -rli
1158 1456 1184 1506 u¹

125 1535 191 1579 deest
206 1529 286 1576 multis
301 1530 379 1576 surm.
392 1527 421 1573 ab
436 1544 455 1572 s.
473 1527 520 1572 duo
536 1528 615 1573 Heius.
631 1542 660 1572 ex
675 1543 695 1573 s.
707 1528 755 1573 duo
767 1527 815 1573 alii.
827 1545 841 1573 a
852 1544 871 1574 s.
883 1529 977 1575 ductim
987 1529 1049 1575 Wal.
1065 1545 1109 1592 pro
1124 1546 1171 1576 var.

123 1602 178 1649 lect.
190 1617 206 1646 a
216 1617 235 1646 s.
249 1601 331 1645 Teucri
341 1597 431 1660 aliquot
442 1614 479 1660 ap.
492 1599 552 1644 Pier.
563 1597 609 1643 Sed
617 1596 737 1658 vulgatum
746 1600 926 1659 generosius-
934 1598 972 1656 48.
984 1608 1050 1644 terrae
1058 1610 1106 1644 tres
1112 1600 1173 1644 Bur-

123 1687 203 1717 mann.
214 1685 267 1716 cum
277 1667 346 1714 Goth.
356 1684 391 1730 pr.
402 1670 462 1714 Sane
471 1668 538 1713 condi
549 1676 608 1712 terra
621 1679 644 1713 et
653 1676 718 1712 teme
730 1667 778 1713 dici
791 1667 865 1724 solet,
878 1680 904 1714 ut
914 1671 992 1714 Burm.
1005 1669 1036 1714 ad
1047 1669 1135 1713 Lucan.
1148 1669 1172 1722 Ι,

123 1744 168 1804 607
182 1753 205 1788 et
222 1740 262 1786 alii
278 1738 335 1785 alibi
351 1741 494 1794 docuerunt3
511 1739 555 1784 hoc
573 1750 651 1784 tamen
667 1741 803 1802 exquisitius
820 1755 869 1786 esse
885 1741 987 1786 videtur.
999 1765 1031 1776 -
1041 1739 1080 1801 49.
1095 1742 1140 1784 nisi
1147 1738 1170 1802 f.

123 1811 192 1857 multi
203 1811 264 1856 Pier.
277 1810 356 1854 Heius.
368 1835 400 1844 -
412 1811 448 1855 51.
461 1811 529 1854 Nunc
540 1824 580 1872 epo
594 1807 710 1854 refellitur
724 1810 826 1855 aBurm.
839 1825 917 1873 nqerer
932 1811 1023 1870 Hugen.
1036 1810 1172 1855 Distinctio-

125 1898 179 1929 nem
199 1893 251 1944 post
269 1881 337 1925 Hunc
355 1895 395 1944 eqo
412 1879 505 1925 sustulit
521 1881 614 1936 burm,
626 1892 653 1925 ut
669 1880 729 1925 adeo
745 1883 790 1927 sit:
808 1882 877 1927 Hunc
894 1897 934 1946 epo
951 1896 1054 1946 merem,
1069 1884 1091 1926 si
1106 1878 1174 1926 exsul

124 1968 220 2018 agerem.
232 1952 332 2007 Dubito,
354 1968 384 1997 an
395 1954 427 1998 sic
439 1964 508 2013 poeta
524 1954 635 1998 senserit:
648 1955 690 2014 qui
702 1951 762 1998 forte
774 1969 817 2015 per
828 1948 982 2002 ultraridam
997 1953 1064 2017 loqui
1075 1952 1172 1999 maluit:

125 2025 193 2069 Hunc
205 2038 255 2087 epo,
265 2026 320 2068 si-
327 2035 350 2069 et
358 2036 421 2068 nunc
432 2034 548 2068 structura
557 2033 644 2068 mutata
653 2038 659 2067 ε
669 2038 746 2068 annua
753 2037 931 2085 -exsequeren

159 2195 202 2262 44.
217 2192 315 2245 tumuli
335 2211 366 2247 ex
386 2212 479 2267 aggere
494 2193 620 2264 (ornate,

122 2294 173 2346 pro
187 2294 218 2327 ex
225 2273 327 2325 tumulo
334 2275 357 2344 )‚
366 2276 453 2326 socios
462 2274 620 2346 alloquitur;

124 2373 199 2406 more
211 2354 333 2419 militari,
347 2367 377 2411 ut
389 2356 467 2406 toties
480 2354 553 2425 apud
564 2356 624 2406 Liv«

124 2435 225 2485 et'l'ac.
241 2433 274 2485 de
287 2446 411 2505 suggestu
432 2445 459 2486 et
479 2453 574 2506 aggere
594 2435 622 2485 in

123 2514 218 2565 castris
231 2513 358 2564 allocutio
370 2515 444 2567 facta
454 2513 558 2586 legitur.

159 2592 194 2658 45
206 2609 245 2663 sq.
258 2594 314 2643 Etsi
326 2605 353 2644 et
364 2594 465 2644 inferia
474 2592 515 2644 hae
529 2604 555 2644 et
565 2591 623 2645 ludi

122 2671 621 2745 funebresplaneadflomeriinprimis‚

123 2766 181 2804 tum
191 2766 217 2804 et
230 2754 343 2804 aliorum
352 2765 472 2805 veterum
481 2764 623 2822 poetarum

123 2832 272 2904 exemplum
285 2852 301 2884 a
311 2832 421 2904 Virgilio
434 2833 622 2899 instituuntur,

122 2924 212 2963 tamen
225 2913 281 2981 ejus
295 2913 431 2983 ingenium
443 2913 470 2961 in
483 2929 515 2962 eo
528 2929 623 2982 agnos·

123 3011 167 3044 cas
188 3009 302 3056 moneo,
327 2989 400 3061 quod
420 2991 452 3040 iis
483 2989 562 3040 rebus
587 2989 622 3042 ad

121 3075 248 3143 pietatem
261 3073 373 3122 maxime
386 3071 473 3122 AEneae
484 3071 524 3120 sui
534 3069 623 3122 decla·

121 3152 233 3205 randam
246 3170 309 3202 usus
323 3163 370 3202 est.

157 3232 199 3300 45.
231 3229 285 3282 alto
314 3249 332 3281 α
360 3229 489 3301 sanquine
512 3229 619 3296 divum,

120 3324 232 3382 propter
243 3308 399 3360 Dardanum
411 3309 483 3358 Jovis
499 3309 518 3358 f.
532 3328 555 3359 v.
569 3311 620 3375 lll,

125 3391 182 3461 167.
196 3388 267 3441 Solet
280 3402 369 3440 nutem
381 3388 455 3455 ejus,
477 3390 523 3458 qui
534 3391 620 3459 gentis

122 3483 216 3522 auctor
229 3488 260 3521 ac
272 3468 347 3538 regni
359 3466 400 3517 vel
409 3467 483 3517 urbis
497 3467 620 3520 conditor

120 3550 181 3613 fuit,
192 3548 318 3599 nobilitas
331 3547 380 3596 toti
392 3547 464 3617 genti
475 3564 507 3597 ac
517 3547 618 3617 populo

121 3630 211 3680 tribui.
225 3627 268 3678 Sic
277 3627 408 3689 Romani,
421 3626 516 3678 Martis
524 3646 619 3699 penus,

120 3705 268 3759 Romulidae
300 3718 350 3756 etc.
372 3706 430 3755 Hoc
453 3707 618 3758 Burmannus

121 3792 200 3841 unice
213 3791 302 3839 tenore
313 3784 436 3837 debebat.

157 3868 200 3935 48.
212 3882 269 3916 aras
282 3884 290 3914 .·
303 3865 383 3915 funus
401 3881 416 3914 a
427 3863 556 3916 sacrificio
575 3868 619 3917 fu-

121 3948 198 3999 nebri
211 3945 347 4015 designat,
359 3941 432 4012 quod
443 3942 477 3994 ad
489 3961 582 4014 rogum
593 3959 619 3997 et

122 4031 237 4078 cinerem
249 4042 317 4075 urna
327 4021 513 4089 condendum,
532 4027 620 4078 lilani-

669 2195 720 2247 bus
732 2194 821 2249 tiebat.
835 2198 870 2249 ci.
883 2216 907 2247 v.
922 2173 963 2250 86.
977 2197 1041 2247 Mox
1049 2195 1079 2246 ni
1084 2193 1174 2266 fallor

671 2276 740 2328 male
758 2276 793 2329 ad
812 2278 874 2328 anni
895 2278 1094 2339 confusionem,
1113 2295 1171 2345 quae

671 2366 729 2406 erat
739 2355 812 2425 apud
819 2357 949 2424 majores,
962 2358 1045 2408 refert
1054 2353 1169 2409 Servius.

671 2436 791 2487 Hernicis
812 2436 977 2507 temporibus
998 2454 1051 2486 non
1072 2436 1123 2485 nisi
1136 2434 1172 2486 ad

672 2516 736 2567 solis
766 2517 936 2589 siderumque
966 2519 1170 2582 conversiones,

673 2594 765 2665 quales
785 2599 913 2667 cujusque
938 2598 1022 2649 oculis
1047 2615 1172 2648 occurre·

672 2674 752 2742 bant,
765 2678 990 2748 computabantur
997 2678 1060 2728 anni
1068 2689 1095 2728 et
1104 2675 1169 2728 dies.

671 2754 754 2825 Atqui
766 2757 794 2806 in
810 2756 850 2808 his
869 2776 924 2808 non
943 2775 1046 2827 semper
1067 2774 1172 2806 summa

672 2834 823 2900 subtilitas,
835 2837 886 2886 nisi
901 2854 933 2887 ex
943 2847 1013 2900 arte,
1033 2846 1080 2886 est.
1094 2834 1172 2886 Cete-

672 2932 784 2965 rumvv.
798 2914 832 2984 49
851 2931 909 2984 sqq.
929 2914 1090 2965 ornatissimi
1110 2924 1172 2963 sunt

672 3005 700 3043 et
708 2992 807 3063 pathos
816 2991 929 3054 hahent3
939 3010 966 3044 se
974 2992 1044 3043 diem
1054 2991 1171 3043 celebra-

672 3084 760 3122 turum
774 3089 831 3124 esse
846 3089 951 3142 semper
963 3084 989 3123 et
1009 3071 1129 3142 ubique,
1142 3073 1170 3122 in

672 3150 777 3204 deserto
783 3190 793 3219 ‚
806 3154 834 3203 in
846 3154 952 3205 mari'et
962 3151 1056 3204 mediis
1068 3155 1096 3203 in
1107 3152 1171 3204 hos-

671 3231 750 3283 tibus.

706 3311 830 3380 51-54.
847 3309 955 3364 Gaetutae
968 3311 1054 3381 Syrtes
1076 3311 1169 3381 paullo

670 3393 749 3445 latius
763 3393 853 3457 dictae,
873 3412 906 3444 ex
921 3410 995 3443 more
1018 3403 1169 3461 poetarum.

669 3472 739 3523 Nam
770 3471 865 3523 Gaetuli
887 3488 978 3522 versus
1003 3470 1170 3524 occidentem

669 3551 765 3601 Africae
776 3564 801 3601 et
813 3552 840 3601 in
852 3548 990 3602 meridiem
1001 3549 1168 3602 habitarunt.

669 3629 855 3700 deprehensus,
866 3628 986 3681 sollenne
994 3629 1027 3680 de
1039 3630 1168 3700 procella.

669 3707 723 3759 vid.
741 3709 836 3780 Georg.
847 3710 892 3774 lv,
913 3709 974 3775 lpas.
996 3727 1067 3760 nunc
1080 3721 1169 3761 tamen

669 3780 825 3858 simpliciter
837 3787 870 3839 de
885 3805 932 3855 eo,
952 3789 995 3839 cni
1014 3789 1169 3858 importuna

669 3884 710 3919 res
736 3866 823 3918 alieno
854 3880 975 3939 tempore
996 3871 1170 3937 supervenit3

668 3965 718 4018 pro
731 3947 834 4018 vulgari
848 3968 854 3998 :
876 3949 898 3999 si
910 3966 1031 3998 versarer
1044 3949 1071 3998 in
1090 3952 1168 4001 navi-

668 4026 1167 4101 gationc,autinsolobostilipompas,
