2670 4822
129 374 173 455 11
382 372 417 438 r.
441 368 674 437 vrnoturt
698 369 931 441 1111111111

130 499 216 561 Ante
229 495 336 560 omnis
349 512 460 585 stupet
472 496 543 585 ipse
555 498 674 574 Dares,-
688 494 854 586 longeque
866 509 1013 578 recusat3

131 602 430 691 Magnanimusque
442 600 672 682 Anchisiades,
686 618 719 665 et
730 601 877 690 pondus,
892 605 1007 691 etipsa

132 708 209 773 Huc
222 707 300 772 illuc
311 708 496 772 vinclorum
509 709 659 772 inmensa
669 707 838 772 volumina
850 726 967 774 versat.

131 812 221 876 Tum
234 814 345 878 senior
356 813 429 879 talis
441 813 606 878 referebat
618 831 753 902 pectore
765 836 881 879 voces:

136 916 265 1000 «Quid,
279 920 308 982 si
319 921 393 1009 quis
405 935 514 984 cestus
527 921 630 1007 ipsius
643 937 676 984 et
688 921 841 984 Herculis
853 943 943 985 arma
1139 926 1181 989 4¹⁰

132 1013 292 1103 Vidisset,
306 1026 501 1114 tristemque
513 1024 580 1090 hoc
591 1027 664 1114 ipso
677 1025 712 1089 in
725 1026 822 1090 litore
835 1028 1006 1114 pugnam?

133 1130 214 1195 Haec
226 1152 401 1217 germanus
414 1133 500 1220 Eryx
513 1129 681 1220 quondam
693 1147 771 1196 tuus
783 1152 874 1195 arma
886 1112 1036 1218 gerebat;

134 1238 300 1325 Sanguine
313 1240 420 1305 cernis
433 1238 543 1305 adhuc
555 1241 728 1328 fractoque
740 1240 862 1304 infecta
875 1238 1032 1304 cerebro':

135 1344 196 1409 His
209 1367 366 1432 magnum
377 1344 516 1411 Alciden
529 1364 643 1410 contra
656 1346 762 1426 stetit;
776 1344 827 1410 his
840 1368 902 1433 ego
915 1326 1048 1424 suet'us',
1061 1432 1064 1437 Ι
1114 1346 1131 1435 J

135 1451 227 1514 Dum
239 1452 357 1515 melior
368 1453 454 1516 vires
466 1453 598 1538 sanguis
611 1450 723 1530 dabat,
738 1452 856 1516 aemula
868 1449 1013 1516 necdum
1029 1455 1033 1461 '
1144 1460 1188 1520 115

137 1557 361 1645 Temporibus
374 1559 513 1645 geminis
526 1559 664 1623 canebat
676 1580 787 1646 sparsa
800 1543 964 1622 senectui.

138 1664 217 1744 Sed,
232 1666 259 1729 si
272 1683 383 1731 nostra
395 1669 498 1731 Dares
510 1666 582 1731 haec
593 1668 714 1731 Troius
726 1689 816 1730 arma
828 1682 972 1744 recusat,

141 1771 249 1862 quue
261 1774 318 1863 pio
331 1774 425 1840 sedet
438 1779 561 1855 AEneae,
575 1774 695 1864 probat
706 1792 821 1840 auctor
831 1776 978 1854 Acestes,

140 1957 193 1987 rum
209 1940 276 1987 boum
288 1951 348 2006 terqa
360 1943 451 2001 (coria)
467 1941 585 2007 rigebant(
594 1954 676 1988 ornate
689 1959 732 2004 pro
744 1954 811 1988 erant
819 1944 836 2000 1.
851 1941 881 1987 cf.
899 1939 930 1986 ad
940 1937 1032 1984 Gallim.
1045 1940 1070 1984 in
1086 1937 1139 1984 Del.
1156 1951 1189 1999 27.

140 2010 236 2074 -407.
251 2028 295 2076 que
309 2025 363 2058 ante
380 2011 474 2058 Ancltts.
492 2013 557 2059 deest
571 2012 677 2058 Parrhas.
693 2022 716 2057 et
727 2016 798 2076 ipsam
810 2012 858 2057 duo
874 2012 1001 2056 Burmann.
1017 2033 1050 2046 —
1065 2005 1121 2063 413.
1127 2005 1192 2070 fruc

142 2092 223 2147 toque,
237 2084 302 2146 quod
315 2085 410 2129 Heinsio
422 2085 481 2130 forte
493 2087 580 2131 rectius
591 2083 638 2145 legi
651 2087 724 2129 11111111
736 2096 800 2140 erat,
821 2096 844 2128 et
854 2084 1015 2135 Burmannus,
1028 2091 1144 2143 quantum
1160 2079 1192 2123 ri·

142 2155 201 2210 deo,
218 2157 242 2200 in
254 2167 388 2201 contextum
401 2154 495 2210 intulit,
504 2154 593 2220 'decem
604 2154 700 2216 quidem
712 2156 782 2201 codd.
795 2155 933 2200 auctoritate
949 2149 1095 2196 defenditur.
1109 2150 1193 2194 Vetus-

142 2230 224 2273 tissimi
235 2240 313 2273 tamen
320 2261 327 2283 ,
339 2239 365 2272 ut
378 2230 427 2289 ipse
439 2228 505 2272 Rom.
520 2240 543 2273 et
554 2227 688 2282 Medicam,
700 2230 726 2273 in
738 2226 810 2273 altera
826 2226 928 2272 lectione
942 2224 1095 2268 consentiunt
1109 2236 1115 2266 t
1127 2236 1192 2284 spar-

143 2313 224 2361 soque,
236 2300 261 2344 io
273 2314 321 2360 quo
332 2296 393 2343 nihil
404 2297 578 2360 reprebendas;
590 2313 660 2353 nam,
673 2298 738 2360 quod
747 2313 816 2344 versu
825 2308 909 2359 quarto
919 2307 1025 2356 sparsas.
1038 2293 1152 2346 recurrit,
1160 2285 1194 2335 nil

143 2370 218 2416 obest.
231 2371 272 2425 At,
284 2372 303 2415 si
316 2371 340 2414 in
353 2385 400 2415 uno
413 2369 465 2415 loco
477 2370 585 2415 codicum
595 2372 757 2416 auctoritatem
769 2368 807 2416 vel
819 2368 929 2414 adversus
938 2366 1052 2411 rationem
1062 2363 1194 2425 sequimur,

144 2439 196 2485 aliis
208 2451 271 2485 certe
283 2438 341 2484 locis
353 2455 401 2483 non
413 2441 462 2485 sine
477 2442 567 2485 ratione
582 2456 633 2485 eant
645 2439 753 2486 descrere
766 2439 917 2485 debebamus.
930 2437 997 2481 Nunc
1009 2436 1096 2480 iterum
1112 2445 1194 2478 nosue

146 2506 391 2572 displicet-frustoque
403 2513 503 2571 inspersa
515 2510 608 2571 Regius.
616 2508 708 2565 -414,
722 2511 765 2554 His
774 2507 884 2571 praeclare
897 2506 976 2550 fletus.
989 2503 1093 2548 restituit
1105 2518 1118 2547 e
1130 2497 1194 2546 codd.

148 2588 172 2622 st
187 2578 314 2623 Prisciano.
330 2577 408 2639 Vulgo
422 2578 482 2624 male
501 2581 553 2624 Hie.
573 2577 677 2624 Alcidem
687 2577 786 2624 Dorrill.
803 2603 835 2614 --
852 2575 906 2634 416.
921 2590 979 2620 cana
989 2588 1009 2618 s.
1021 2571 1105 2616 llamb.
1119 2587 1154 2632 pr.
1167 2589 1196 2604 -·

147 2646 202 2710 4¹7·
215 2656 305 2693 secant
315 2649 369 2694 Bac.
381 2651 508 2696 Burmann.
520 2677 552 2686 -
563 2650 617 2708 418.
631 2649 671 2696 hoc
681 2649 763 2713 probat
777 2649 868 2712 aliquot
883 2648 957 2701 Pien,
977 2643 1006 2689 ab
1021 2639 1196 2703 interpolatore.

141 2758 201 2851 llofr
212 2810 247 2818 -
258 2781 318 2847 408.
340 2781 484 2856 longeque,
505 2786 597 2849 valde,
618 2798 648 2836 ut
696 2813 731 2824 -
743 2784 803 2850 413.
820 2782 908 2832 Etiam
926 2777 970 2829 hic
988 2791 1081 2827 sersus
1101 2771 1196 2824 nostris

146 2861 219 2913 Serv.
233 2861 338 2915 Scilicet
348 2865 376 2914 in
389 2870 489 2916 recusat
499 2866 564 2917 latet
573 2868 648 2916 notio

141 2943 310 3015 aaiqrcfaqit.
325 2944 471 2996 vinclorum
484 2945 534 2998 val.
548 2949 594 2998 int.
609 2948 649 2998 lo-

144 3043 195 3107 'ra,
208 3025 305 3095 quibus
322 3039 409 3077 cestus
422 3028 493 3079 circa
509 3027 650 3080 brachium

147 3103 313 3175 religaretur.

186 3183 238 3249 410
251 3215 284 3223 -
296 3186 357 3255 419.
372 3187 460 3254 Quid?
478 3187 500 3238 si
518 3188 650 3240 vidissetis

149 3265 234 3332 ipsius
255 3266 376 3317 Herculis
400 3280 515 3331 costum,
536 3281 651 3337 quantus

149 3342 196 3393 ille
222 3356 295 3395 erat:
318 3357 398 3398 cestus
418 3357 444 3398 et
468 3365 550 3396 arma.
577 3366 651 3397 arma

150 3441 207 3473 non
220 3437 331 3493 possunt
348 3444 405 3477 csse
425 3426 477 3477 11111
496 3444 577 3496 quam
595 3428 652 3496 ipse

152 3514 248 3554 cestus.
273 3503 315 3554 Sic
333 3517 358 3556 et
378 3522 439 3555 mox
459 3522 483 3553 v.
507 3503 566 3569 414.
592 3503 652 3568 415.

151 3583 209 3633 Nec
221 3583 348 3635 Hercules
369 3584 459 3647 aliter,
480 3601 559 3652 quam
576 3585 656 3654 pugi-

153 3662 225 3726 latu,
250 3682 310 3713 cum
334 3665 415 3735 Eryce
443 3664 587 3734 pugnavit,
614 3663 656 3714 vel

153 3745 241 3798 nornis
256 3744 378 3795 testibus.
392 3774 427 3782 -
439 3744 500 3810 411.
516 3762 658 3816 gentianus

155 3827 257 3889 AEneae,
270 3824 364 3877 eadem
381 3824 475 3875 saltem
488 3835 571 3876 matre
586 3824 659 3894 geni·

155 3906 219 3977 tus(
233 3907 268 3958 cf.
284 3904 443 3976 Wesscling.
457 3904 536 3956 Obss.
549 3906 574 3967 l,
592 3904 621 3954 13
633 3904 659 3974 ),

157 3988 259 4057 quippe
271 3986 382 4036 Veneris
396 4003 428 4036 ex
439 3986 506 4035 Buta
518 3983 528 4054 (
542 3983 589 4035 sed
606 3984 658 4035 alio

158 4083 238 4136 quam
257 4069 295 4132 is,
313 4065 346 4119 de
366 4083 419 4137 quo
440 4084 465 4116 v.
486 4063 560 4136 372)
581 4063 659 4116 [ilius.

698 2864 819 2916 sensibus
838 2860 976 2912 fastidium
994 2857 1077 2907 faciat
1093 2868 1198 2906 necesse

699 2957 746 2997 est.
760 2943 813 2995 Sed
824 2963 848 2993 v.
864 2960 922 3010 sup.
938 2938 972 2990 111
983 2957 1009 2987 v.
1027 2935 1079 3005 327
1093 2952 1153 3006 sqq.
1166 2961 1197 2971 -

699 3024 759 3091 415.
785 3019 881 3074 oemula
906 3018 1039 3089 intellige,
1064 3011 1198 3084 quomodo

701 3103 766 3156 alias
779 3103 864 3174 poetis
876 3098 984 3161 invida,
997 3107 1121 3147 senectus
1136 3111 1202 3142 non·

701 3182 764 3234 dum
788 3182 898 3232 canebat
921 3195 1008 3248 sparsa
1030 3172 1200 3244 temporibust

700 3261 821 3313 nondum
829 3261 890 3311 cani
900 3268 976 3310 erant
986 3255 1072 3326 sparsi
1080 3272 1131 3322 per
1140 3264 1203 3304 tem·

701 3361 777 3412 pora.
807 3339 990 3392 Ornatissime.
1003 3333 1110 3398 -418,
1138 3329 1206 3383 sedet

703 3436 732 3473 ut
752 3441 810 3492 sup.
830 3420 877 3470 lib.
895 3420 932 3481 ll,
953 3416 1005 3469 660
1019 3413 1048 3465 Si
1068 3412 1138 3464 sedet
1159 3409 1206 3462 ltoc

704 3502 803 3553 animo.
812 3497 1025 3557 auctorAcestes,
1040 3509 1149 3557 suasor,
1161 3491 1206 3560 qui

704 3583 805 3651 primus
819 3598 861 3629 me
874 3578 908 3630 ud
920 3576 990 3628 hanc
1005 3592 1123 3646 pugnam
1139 3571 1208 3625 exci-

705 3663 778 3714 tavit.
789 3676 921 3730 aequemus
928 3672 1032 3727 pugnas
1042 3691 1050 3718 ,
1061 3664 1208 3714 certarnen,

707 3755 733 3794 et
756 3758 827 3791 nuuc
858 3736 965 3808 quidem
996 3752 1084 3797 arma,
1110 3743 1207 3783 cestus.

708 3820 827 3883 remitto,
842 3816 909 3869 cedo
920 3835 950 3866 ac
958 3814 1083 3865 renuntio
1091 3811 1209 3863 cestibus

707 3901 812 3972 Erycis,
825 3910 855 3948 ut
864 3896 932 3947 bcne
942 3892 1036 3946 Cerdo.
1046 3891 1088 3943 Sic
1097 3903 1124 3943 et
1134 3891 1211 3956 alias,

708 4001 733 4034 v.
748 4001 770 4033 c.
784 3980 832 4031 inf.
851 3979 901 4040 Xl,
922 3975 973 4044 359
992 3974 1071 4025 Cedat
1081 3974 1130 4043 jus
1148 3989 1213 4042 pro-

707 4061 797 4134 prium
813 4059 880 4132 regi,
892 4056 1039 4128 patriaque
1048 4052 1176 4106 remittat.
