2670 4822
422 377 661 444 AENEIDOS
685 379 838 445 LIBER
860 382 899 446 V.

139 506 282 595 Spicula,
297 501 513 594 caelatamque
525 517 663 591 argento
676 503 763 567 ferre
775 502 972 592 bipennem:

138 613 304 678 Omnibus
316 611 372 676 hic
385 612 447 675 crit
459 631 545 673 unus
558 608 676 673 honos
689 610 773 672 Tres
785 611 919 697 praemia
931 613 1029 700 primi

137 719 330 807 Adcipient,
344 717 495 806 flavaque
507 732 607 803 caput
619 732 795 780 nectentur
807 716 910 780 oliva:

138 826 268 889 Primus
282 845 408 912 equum
420 821 565 910 phaleris
578 821 742 907 insignem
754 821 861 885 victor
872 821 1011 899 habeto;
1147 843 1192 892 310

137 932 228 996 Alter
241 931 455 994 Amazoniam
468 927 657 1016 pharetram
670 927 871 1016 plenamque
883 931 1007 1018 sagittis

136 1037 319 1116 Threiciis,
332 1037 399 1100 lato
413 1058 513 1124 quam
527 1032 811 1120 circumplectitur
821 1057 903 1098 auro

139 1145 285 1223 Balteus,
301 1160 334 1207 et
345 1143 441 1206 tereti
454 1139 621 1205 subnectit
633 1138 733 1202 fibula
748 1160 895 1227 gemma;

137 1251 275 1315 Tertius
286 1247 438 1336 Argolica
450 1246 512 1312 hac
525 1245 616 1332 galea
628 1260 804 1310 contentus
816 1234 916 1311 abito.
932 1277 946 1305 a

185 1358 266 1419 Haec
279 1354 337 1419 ubi
350 1352 452 1433 dicta3
464 1353 577 1417 locum
590 1351 738 1439 capiunt,
754 1353 916 1442 signoque
930 1376 1067 1446 repente
1150 1377 1193 1425 315

140 1462 342 1549 Conripiunt
354 1460 459 1548 spatia
471 1457 601 1535 audito,
615 1458 785 1547 limenque
797 1460 1004 1549 relinquunt,

140 1569 249 1633 Effusi
263 1565 378 1631 nimbo
392 1566 530 1644 similes3
544 1565 642 1628 simul
655 1565 769 1628 ultima
782 1567 921 1653 signant.

140 1676 273 1770 Primus
284 1673 367 1752 abit,
381 1672 549 1762 longeque
561 1687 637 1735 ante
650 1672 761 1734 omnia
773 1694 913 1759 corpora
925 1675 1022 1740 Nisus

142 1885 224 1930 Cnosia
237 1884 329 1929 variam
341 1880 415 1926 ethic
427 1879 490 1926 libri.
502 1881 558 1925 Mox
569 1896 612 1942 pro
625 1879 705 1926 laevmo
714 1882 791 1941 Sprot.
805 1877 894 1936 limato,
904 1881 964 1928 Ven.
973 1881 1058 1944 polito,
1068 1902 1104 1948 pr.
1112 1888 1196 1938 Mum,

143 1952 231 2019 lerrqato
244 1970 289 2016 pro
301 1951 415 2017 laeviqato,
429 1951 506 1998 binoto
522 1950 616 1997 Vratisl.
636 1953 720 1997 Omnia
733 1968 761 1997 ex
775 1953 997 2014 interpretamentis.
1008 1981 1039 1990 -
1049 1957 1101 2020 3⁰7·
1112 1959 1199 2021 fronde

141 2026 258 2095 proferre
269 2025 357 2072 Medic.
368 2043 380 2070 a
391 2043 427 2087 pr.
438 2041 469 2070 m.
481 2050 513 2059 —
522 2023 576 2069 308.
588 2027 606 2068 it
617 2027 659 2087 erit
668 2025 729 2070 Ven.
739 2026 813 2086 prima
823 2023 893 2069 Goth.
907 2037 959 2070 tert.
972 2052 1003 2061 —
1013 2027 1066 2089 309.
1077 2030 1201 2094 Accipiunt

140 2097 227 2144 llamb.
239 2114 287 2144 aec.
293 2096 388 2162 fulvaq.
402 2109 436 2144 est
448 2113 485 2159 ap.
499 2099 563 2143 Serv.
575 2096 605 2142 ad
616 2097 656 2152 lv,
671 2096 723 2143 261.
741 2096 775 2141 De
788 2093 872 2142 colore
881 2096 983 2143 dubitari
1002 2110 1024 2144 et
1036 2098 1104 2157 albe,
1121 2113 1201 2162 tonsa,

134 2168 255 2234 pulchra,
268 2172 353 2215 tentari
366 2169 452 2223 video;
464 2179 518 2214 tunt
528 2169 590 2214 enini
601 2166 658 2213 alias
667 2165 772 2228 epitheta
784 2164 866 2223 olivae,
878 2181 904 2214 ut
913 2172 943 2215 sit
952 2168 1017 2225 atta,
1025 2168 1103 2233 pulla,
1115 2176 1200 2232 vindis,

140 2237 233 2303 glauca<
246 2238 343 2285 Scilicet
354 2251 409 2284 eunt
426 2240 490 2284 varia
507 2236 612 2283 olearum
623 2252 725 2298 genera,
738 2248 762 2280 et
773 2248 848 2281 mutat
858 2236 918 2284 oliva
931 2237 1033 2286 colorem
1043 2242 1092 2302 ipsa
1104 2247 1203 2290 maturi-

144 2322 200 2355 tate.
213 2307 334 2354 Laudatur
346 2324 441 2371 quoque
456 2300 545 2368 {erbis
561 2302 640 2355 ἐλαίας
656 2298 742 2368 καρπὸς
753 2322 781 2350 ex
792 2307 868 2351 Persis
879 2307 987 2371 AEscbyli.
1003 2319 1123 2357 nectentur
1134 2314 1201 2358 Rufi.

143 2381 208 2424 nian.
220 2388 243 2424 et
255 2380 320 2423 Serv.
335 2394 373 2440 ap.
385 2379 465 2423 Burin.
478 2385 599 2422 nectuntur
610 2374 681 2422 Goth.
696 2387 750 2421 tert.
765 2386 867 2421 nectetur
876 2377 944 2422 Goth.
956 2395 1001 2423 sec.
1011 2405 1045 2431 ⁴—
1054 2381 1107 2428 310.
1119 2398 1202 2447 equam

144 2447 232 2493 Medic.
244 2464 256 2491 a
267 2463 298 2491 m.
309 2447 445 2509 pru—312.
459 2446 583 2502 Threiciis,
597 2449 683 2491 Traict's
690 2480 697 2501 ,
706 2445 767 2491 male
776 2446 805 2492 al.
818 2460 851 2493 est
859 2441 968 2509 Oguiniis.
978 2465 1024 2512 qua
1035 2448 1094 2498 alter
1106 2454 1200 2520 Menag.

143 2542 176 2552 -
188 2516 392 2580 circumplectitur,
402 2509 467 2580 quod
474 2517 608 2572 Mediceus,
618 2518 669 2562 bini
683 2516 768 2562 Moret.
777 2529 800 2562 et
810 2519 870 2564 Ven.
881 2519 979 2582 binique
989 2520 1059 2566 Goth.
1070 2539 1123 2568 curn
1133 2526 1201 2572 Erfa

143 2605 180 2652 pr.
195 2605 228 2634 m.
240 2589 345 2646 firmant3
357 2589 459 2636 illustrat
470 2591 549 2635 Heius.
562 2590 639 2652 Major
650 2605 704 2651 pars
714 2601 825 2636 etomnee
837 2590 939 2637 Pieriani
952 2604 1049 2638 tuentur
1058 2594 1136 2658 rulgg.
1153 2601 1201 2644 cir.

144 2659 346 2724 eumampiectitur.
358 2688 390 2697 -
404 2662 456 2708 315.
469 2664 582 2724 occipiunt
594 2660 641 2705 duo
654 2663 732 2706 Burin.
745 2664 818 2724 spatio
830 2663 915 2708 Gnd.a
929 2679 959 2707 m.
972 2679 1008 2725 pr.
1018 2699 1024 2719 ‚
1034 2678 1094 2712 utet
1108 2670 1133 2713 in
1145 2687 1201 2731 pro-

144 2733 227 2780 leteris
239 2732 346 2778 editione
358 2732 474 2795 Gottingae
485 2748 569 2778 excusa
581 2739 716 2795 expressum
725 2733 803 2779 rideo.
815 2758 848 2768 -
856 2734 909 2796 3i7.
927 2734 960 2779 Et
961 2734 1015 2796 fusi
1029 2736 1116 2784 Medic.
1133 2740 1204 2792 minii

146 2799 206 2848 alter
222 2802 350 2864 Hamburg.

148 2985 210 3018 nem
236 2981 363 3040 argenteo
389 2969 545 3034 manubrio,
569 2971 651 3042 signis
689 2976 900 3042 'teum,nectit‚
918 2992 978 3026 oras
994 2975 1111 3047 colligat.
1130 2980 1201 3030 conf.

147 3047 260 3112 caelatis,
273 3047 300 3098 b.
315 3067 339 3099 e.
353 3052 515 3101 ornamentis
530 3051 652 3120 exsculp-
702 3066 760 3124 sup.
773 3053 807 3104 ad
819 3056 867 3116 lv,
882 3056 930 3123 139
940 3054 1028 3106 Aurea
1039 3074 1204 3128 purpuream

148 3129 196 3194 tis,
209 3143 315 3182 ornato.
326 3131 390 3182 Mox
401 3138 468 3182 uniit
478 3129 522 3183 hic
531 3145 571 3183 est
584 3132 653 3182 idem
672 3154 683 3174 ·
701 3132 830 3184 subnectit
833 3129 924 3204 fibula
933 3144 1035 3184 vestem.
1049 3134 1146 3188 Omnia
1158 3156 1205 3189 or-

148 3211 653 3265 etcommunisinteromnesbonotseu
702 3223 780 3275 nate,
802 3224 831 3262 ut
852 3224 879 3263 et
901 3229 992 3263 versus
1017 3215 1068 3267 315
1085 3247 1120 3255 -
1136 3217 1204 3289 317,

149 3294 295 3360 praemium.
702 3291 767 3342 Hoec
789 3292 882 3343 ubi-
895 3307 956 3344 sunt
979 3313 1049 3364 pro:
1072 3295 1203 3349 Curritur.

183 3373 237 3424 διο
247 3401 282 3411 -
292 3371 352 3425 320.
365 3373 513 3425 Amazonia
525 3386 552 3426 et
564 3373 654 3426 Threi·
703 3373 738 3422 cf.
751 3370 827 3422 Iliad.
841 3373 874 3438 ψ,
893 3373 944 3442 753
956 3391 1016 3445 sqq.
1032 3373 1129 3442 limen,
1149 3376 1205 3430 νύσ-

148 3451 211 3517 cioe,
225 3453 655 3526 epithetaornantia‚apraestan-
703 3471 756 3512 eir,
775 3464 805 3502 ut
827 3452 893 3504 ibid.
918 3471 942 3503 v.
968 3454 1028 3524 758.
1052 3455 1147 3528 Odyss.
1170 3458 1205 3524 θ,

150 3534 252 3584 tissimo
260 3553 372 3605 genere,
384 3547 414 3586 ut
426 3553 484 3586 mos
494 3537 590 3605 poetis.
602 3533 654 3586 Sed
707 3548 764 3582 121.
775 3531 857 3584 simul
866 3531 961 3584 ultima
970 3535 1091 3606 signant,
1100 3550 1208 3604 notant,

150 3610 276 3684 Argolica
289 3613 384 3687 galea,
401 3614 538 3685 peculiare
560 3631 652 3687 genus.
704 3612 789 3663 oculis
813 3614 956 3683 animoque
984 3614 1125 3687 designant
1147 3626 1206 3671 ine-

151 3693 222 3743 eonf.
248 3711 307 3764 sup.
330 3695 367 3762 11,
393 3695 445 3763 389
469 3712 508 3765 sq.
531 3694 591 3760 412.
617 3693 654 3743 Ex
704 3701 772 3756 tam,
792 3703 822 3742 ut
840 3693 896 3744 fere
915 3691 1035 3756 Servius;
1061 3696 1206 3749 subustum

150 3770 279 3840 pharetra
291 3783 369 3844 aptus
379 3773 484 3825 balteus
497 3773 566 3824 latus
580 3787 656 3824 auras
703 3776 774 3825 forte
786 3786 872 3843 poetae
892 3791 924 3825 ex
938 3773 1000 3825 illo:
1021 3773 1102 3844 cippi
1114 3775 1139 3828 di
1156 3775 1208 3846 rip-

151 3865 193 3904 tus
205 3851 326 3922 (balteus
340 3852 394 3906 lato
406 3874 472 3906 auro
484 3854 508 3926 ),
528 3854 563 3905 ad
579 3856 654 3924 cujus
702 3851 760 3919 μα’
780 3849 899 3918 ’agiteris
912 3851 1029 3919 Titiam
1045 3856 1092 3906 ubi
1105 3857 1141 3922 is,
1160 3860 1211 3926 qui

152 3948 228 3983 oram
240 3931 323 3985 fibula
334 3946 468 4006 gemmata
478 3946 532 4001 est,
545 3951 599 4004 qua
610 3933 655 3986 ille
704 3933 782 3985 ludos
792 3935 871 3999 facit,
881 3946 979 3985 metam
990 3936 1028 3985 sic
1038 3936 1207 3987 constituisse

153 4010 314 4064 exhumeris
328 4012 456 4084 suspendi
467 4024 613 4084 potestzet
617 4010 656 4085 fi
705 4013 811 4065 dicitur.
825 4014 932 4066 -318.
948 4031 1006 4084 sqq.
1017 4014 1115 4064 Omnes
1126 4032 1206 4067 cursu
1253 4037 1255 4042 ·

153 4088 216 4140 bula
225 4128 234 4156 ,
249 4092 322 4143 tereti
326 4111 449 4164 gemma,
459 4093 589 4146 subnectit
598 4093 655 4145 bal·
706 4095 847 4146 antevertit
854 4093 950 4158 Nisus,
961 4095 1097 4162 proximus
1107 4086 1206 4160 Solius,

1002 4179 1025 4229 3.
