2670 4822
92 411 95 415 -
139 386 159 453 ⁶
294 336 296 349 Ι
384 387 418 448 r.
442 375 933 456 vmornutttaorus

138 513 228 576 Tum
239 511 313 599 pius
326 510 458 574 AEneas:
476 538 489 568 a
500 507 680 598 Equidem,
693 511 740 576 sic
752 533 890 599 poscere
901 510 1034 580 ventos¹

139 621 156 682 J
160 614 356 695 amdudum,
370 631 403 680 et
414 616 535 682 frustra
547 634 693 682 carnote
705 617 843 683 tendere
855 636 980 686 contra.

140 726 250 791 Flecte
262 726 348 789 viam
359 720 451 790 selis.
465 727 516 789 An
529 726 571 790 sit
582 724 664 790 mibi
676 726 798 813 gratior
809 727 890 808 ulla,

138 834 254 913 Quove
267 832 369 919 magis
380 833 483 896 fessas
495 848 608 918 optem
621 830 795 897 demittere
807 834 913 913 navis,

138 940 245 1020 Quam
257 960 331 1027 quae
343 936 547 1002 Dardanium
559 937 657 1003 tellus
669 938 752 1002 mibi
763 955 872 1004 servat
882 941 1038 1021 Acesten,

140 1047 181 1109 Et
192 1047 292 1134 patris
305 1043 456 1110 Anchisae
468 1044 595 1132 gremio
608 1044 829 1131 conplectitur
840 1047 935 1111 ossa?
944 1076 958 1105 a

140 1155 219 1218 Haec
232 1152 290 1216 ubi
302 1151 404 1231 dicta,
418 1166 537 1238 petunt
548 1166 678 1238 portus,
693 1168 726 1216 et
736 1151 809 1216 vela
823 1152 962 1218 secundi

138 1258 323 1324 Intendunt
333 1255 496 1346 Zephyri,
509 1258 615 1320 fertur
626 1258 690 1323 cita
702 1259 831 1347 gurgite
844 1258 973 1341 classis;

139 1366 182 1429 Et
193 1363 328 1429 tandem
340 1362 407 1428 laeti
418 1379 506 1427 notae
517 1362 737 1427 advertuntur
747 1387 867 1428 arenae.

168 1504 171 1509 >
183 1473 227 1533 At
238 1470 355 1558 procul
367 1469 495 1535 excelso
508 1470 644 1534 miratus
656 1471 780 1536 vertice
794 1472 917 1535 montis

141 1575 330 1640 Adventum
342 1576 513 1664 sociasque
526 1593 625 1655 rates,
640 1577 784 1641 occurrit
793 1578 944 1656 Acestes,

142 1681 320 1761 HorriduS,
334 1682 368 1744 in
376 1681 494 1771 jaculis
507 1697 539 1745 et
550 1682 638 1772 pelle
651 1681 830 1772 Libystidis
842 1702 943 1747 ursae:

175 1867 211 1912 26.
228 1883 280 1913 eum
295 1885 318 1931 p.
335 1885 371 1931 pr.
387 1869 472 1915 Mores.
485 1877 506 1913 te
522 1883 613 1931 poscere
621 1866 709 1922 wall,
720 1883 778 1914 voce
791 1883 803 1914 e
815 1883 881 1931 sequ.
893 1883 963 1916 versu
973 1880 1096 1932 praerepta.
1108 1894 1140 1909 --
1152 1886 1192 1934 27.

144 1947 165 1985 te
184 1955 250 1986 cerno
268 1940 316 1986 duo
327 1943 452 1986 Burmann
464 1941 531 1987 credo
539 1958 574 2004 pr.
587 1941 672 1986 Mores.
684 1964 716 1976 -
726 1938 763 1985 28.
777 1937 817 1984 etti
825 1941 900 2001 bigot.
912 1943 987 1986 carior
998 1940 1056 1986 alter
1068 1942 1151 1988 Hamb.
1160 1967 1192 2002 γ-

145 2011 432 2072 29.Qu0ve1{eins.cum
450 2011 581 2073 potioribus
597 2014 666 2057 etiam
684 2012 745 2057 Pier.
765 2013 792 2057 it.
810 2009 880 2057 Gotb.
897 2010 975 2072 Vulgo
995 2011 1096 2075 Quoque.
1115 2013 1194 2070 erave

144 2082 242 2128 Oudart.
259 2083 413 2146 optemfessas
429 2082 495 2129 Leid.
508 2098 549 2128 un.
562 2084 675 2128 demittere
686 2084 764 2128 burm.
778 2098 806 2128 ex
816 2093 905 2143 septem
915 2081 980 2128 libris
992 2085 1094 2144 recepit,
1107 2085 1193 2130 suffra·

143 2165 212 2215 gente
220 2156 309 2200 ratione
319 2157 474 2216 grammatica.
482 2155 547 2200 Mare
558 2156 620 2200 enim
628 2151 700 2198 altum
706 2154 803 2216 proprie
814 2152 913 2208 dicitur;
921 2164 944 2197 et
952 2152 1103 2209 descenditur,
1110 2154 1191 2198 decm-

144 2227 215 2279 ritar,
227 2226 253 2268 in
263 2220 326 2271 litus.
339 2224 417 2287 Vulgo
428 2225 551 2281 dimittere,
565 2223 630 2287 quod
641 2235 702 2270 esset
715 2240 728 2268 a
741 2237 766 2268 se
780 2221 887 2284 ablegare
900 2233 924 2267 et
940 2221 986 2267 alio
998 2224 1099 2269 mittere.
1111 2246 1144 2259 -
1155 2223 1192 2268 30.

143 2293 250 2339 Acestem
262 2293 333 2356 vulgo
350 2307 373 2341 et
384 2294 512 2341 Acbestem.
523 2320 556 2331 -·
566 2295 605 2341 32.
622 2303 649 2341 ut
662 2291 713 2340 vala
725 2292 827 2340 malebat
836 2293 915 2339 Heins.
926 2315 960 2328 ·—
970 2293 1008 2338 35.
1020 2293 1051 2338 Et
1059 2292 1142 2355 procul
1151 2292 1193 2338 ali·

92 2377 95 2386 “
144 2377 203 2429 quot
214 2366 275 2413 Pier.
288 2379 312 2414 et
322 2382 352 2413 ex
364 2367 424 2416 celso
436 2368 552 2414 distinctis
565 2371 627 2415 inter
637 2383 662 2414 se
674 2365 829 2422 dictionibus,
845 2381 857 2411 e
870 2363 929 2412 celso
939 2363 1010 2410 Wall.
1023 2365 1089 2426 quod
1105 2363 1194 2412 mavult

144 2434 244 2482 Bentlei.
256 2436 287 2482 ad
297 2438 384 2483 Lucan.
397 2440 436 2494 ΙΙΙ,
447 2437 486 2484 88.
498 2439 540 2484 Ed.
553 2438 655 2485 Londin.
666 2439 763 2482 miratur
773 2435 863 2482 zulich.
879 2437 961 2481 Franc.
976 2434 1045 2480 Goth.
1057 2451 1094 2497 pr.
1108 2460 1140 2470 —
1154 2434 1193 2496 37.

144 2510 168 2552 iu
179 2507 273 2553 macule
284 2509 367 2556 llamb.
383 2526 420 2574 pr.
435 2512 501 2557 etsie
514 2511 596 2556 doetus
605 2512 730 2556 Britannus
740 2509 888 2570 conjacent:
900 2507 995 2554 laudato
1005 2521 1103 2571 quoque
1120 2507 1194 2552 Statio

144 2671 246 2724 panum
268 2673 294 2705 v.
314 2674 372 2727 sup.
392 2659 441 2723 ΙΙΙ,
463 2674 513 2729 707
536 2676 594 2729 sqq.
617 2659 643 2722 1,
692 2655 720 2707 h.
735 2675 758 2708 e,
772 2673 893 2720 cursum,
905 2670 1018 2718 navem,
1030 2652 1194 2705 velismuta·

146 2733 205 2786 550.
223 2735 279 2804 195.
300 2738 366 2788 Fida
384 2752 496 2810 propter
505 2742 643 2802 Acestam,
693 2739 735 2788 tis.
748 2737 819 2789 Male
831 2736 922 2787 turbat
933 2734 1004 2786 Serv.
1018 2747 1045 2786 et
1059 2733 1094 2784 al.

146 2814 181 2864 cf.
194 2813 302 2866 Excurs.
316 2816 374 2869 lad
393 2817 419 2869 h.
433 2819 479 2870 lib.
497 2820 576 2870 litora
583 2818 645 2888 fra·
729 2817 772 2868 31.
786 2817 885 2867 Versus
898 2812 933 2865 ad
941 2813 1128 2864 Lucretianam
1139 2813 1196 2864 for-

146 2902 220 2945 tema
229 2896 332 2966 Erycis,
341 2899 386 2967 qui
392 2897 504 2970 Erycem
514 2898 643 2960 condidit;
692 2915 764 2948 mam
783 2896 830 2948 lib.
843 2897 893 2962 lV,
906 2893 965 2964 738.
980 2894 1097 2963 Quorum
1112 2902 1195 2944 morte

146 2986 203 3025 erat
215 2976 237 3025 is
254 2975 323 3026 lilius
339 2979 449 3028 Veneris
465 2991 492 3029 et
503 2980 582 3028 Butae.
609 2978 642 3028 cf.
693 2977 765 3028 obita
776 2974 852 3027 tellus
861 2972 1044 3045 complectitur
1052 2991 1106 3024 ossa
1111 2994 1122 3033 ;
1135 2975 1195 3036 etl,

146 3055 466 3126 Apollon.lV,91lpsqq.
487 3070 513 3107 et
535 3056 642 3107 Excurs.
697 3057 754 3110 136.
778 3056 865 3106 Morte
892 3053 962 3105 obita
981 3070 1094 3124 quorum
1120 3051 1196 3104 tellus

145 3136 231 3201 ll,ad
246 3135 274 3187 h.
293 3136 340 3187 lib.
363 3147 507 3208 portusque
520 3137 644 3200 Sicanos,
694 3134 864 3209 amplectitur
875 3153 937 3204 ossa.
952 3136 1015 3185 Mox
1026 3133 1135 3186 secandi
1148 3134 1196 3184 Ze·

145 3218 264 3287 proprie.
287 3217 357 3267 Nam
377 3216 465 3268 Sicani
494 3217 528 3268 ab
557 3217 645 3269 Iberia
692 3216 791 3288 plryri,
812 3232 891 3266 cursu
913 3215 969 3283 jam
992 3229 1083 3263 versus
1107 3223 1196 3263 ortum

146 3295 278 3366 profecti,
296 3313 372 3358 cum,
385 3296 484 3347 relictis
497 3296 604 3349 sedibus
617 3297 645 3347 in
695 3296 863 3349 solstitialem
874 3293 980 3346 inflexo.

145 3375 224 3426 ltalia
234 3372 269 3425 ad
278 3374 408 3439 Tiberim,
421 3374 537 3428 Siciliam
547 3378 648 3429 tenuis·
731 3375 864 3440 35-41.
895 3374 1004 3424 Acestes
1039 3372 1196 3440 Trojanus,

147 3467 220 3521 sent,
230 3453 339 3524 reliquis
350 3454 444 3507 Siciliae
455 3454 648 3526 partibusde-
696 3455 770 3507 urbis
791 3454 903 3526 Segestae
915 3451 1056 3517 conditor,
1068 3453 1115 3520 qui
1134 3469 1197 3503 cum

146 3535 218 3606 pulsi
255 3535 422 3587 occidentale
458 3549 549 3587 tamen
583 3535 645 3587 litus
695 3531 1013 3604 TrojanisinterSicanos
1026 3530 1195 3582 consederat.

148 3628 265 3666 tenuere.
279 3616 314 3666 cf.
327 3614 448 3687 Tlrucyd.
460 3616 510 3680 Vl,
524 3632 552 3677 23
566 3627 646 3685 atque
695 3615 894 3667 Ferebaturille
903 3613 1008 3664 Crimisi
1017 3610 1090 3662 fluvii
1102 3609 1196 3662 filiuse

147 3697 217 3747 inter
229 3693 337 3746 Sicanos
354 3694 404 3746 hos
423 3696 532 3763 Trojani
551 3713 647 3746 conse·
695 3695 813 3763 Trojana
820 3693 938 3744 muliere.
946 3692 979 3742 cf.
987 3689 1194 3742 mauretadh.

147 3775 218 3828 disse
226 3787 416 3828 memorantur.
426 3774 548 3824 remetior
556 3776 644 3824 animo
694 3775 740 3826 lib.
755 3773 865 3836 montis,
877 3773 988 3842 Erycem
999 3769 1142 3840 designare
1154 3771 1196 3821 vi·

145 3867 215 3910 astra
237 3866 340 3908 servata
361 3868 423 3906 aute
447 3865 645 3923 tempestatem,
695 3854 780 3904 detur.
795 3852 823 3902 in
830 3849 944 3922 jaculis,
957 3849 1053 3900 modus
1065 3847 1195 3920 loquendi

149 3937 270 4007 adeoque
283 3954 344 3988 oum
352 3936 429 3986 astris
439 3935 528 4004 ipsum
539 3950 646 3985 cursum
696 3933 845 4002 antiquior,
858 3950 907 3982 nec
920 3943 1009 3982 tamen
1021 3930 1194 4000 infrequens,

149 4035 180 4067 sc
189 4016 387 4086 navigationem
396 4014 503 4065 factam.
696 4027 746 4067 eta
755 4013 817 4064 viris
827 4011 912 4064 doctis
919 4012 1019 4081 passim
1032 4009 1194 4073 declaratus,

185 4096 225 4148 28.
239 4094 325 4147 Flecte
341 4094 426 4159 vium,
447 4106 476 4145 ut
500 4112 557 4165 sup.
583 4094 646 4162 iter,
696 4091 864 4164 etiumapnd
874 4091 981 4146 Graecos
1002 4086 1115 4148 tristare
1135 4088 1194 4144 tua

539 4174 542 4200 l
