2670 4822
346 370 584 439 AENEIDOS
606 373 762 439 LIBER
784 377 825 439 V.

60 498 147 564 Mille
155 498 241 590 jacit
252 497 361 563 varios
373 495 513 562 adverso
525 497 596 561 sole
608 498 746 562 colores.

61 605 239 694 Obstupuit
251 605 325 670 visu
338 607 466 668 AEneas.
480 603 540 667 Ille
553 605 683 692 agmine
696 604 797 691 longo

61 711 211 776 Tandem
223 712 312 776 inter
321 727 450 799 pateras
463 726 496 773 et
507 709 601 774 laevia
612 711 732 798 pocula
745 733 882 799 serpens

10 813 12 883 ζ
61 818 256 907 Libavitque
270 816 385 905 dapes,
399 838 580 904 rursusque
593 816 746 882 innoxius
759 817 845 905 imo,

61 925 223 990 Successit
233 924 377 1003 tumulo,
392 939 425 987 et
437 921 573 1010 depasta
584 923 700 987 altaria
712 922 821 1010 liquit.

10 1016 12 1023 ¹
61 1031 130 1094 Hoc
142 1030 249 1118 magis
261 1029 412 1117 inceptos
425 1028 569 1115 genitori
581 1029 740 1093 instaurat
753 1027 913 1108 honores,

10 1134 12 1173 ²
62 1138 225 1216 Incertus,
240 1135 428 1228 Geqiumne
440 1134 520 1213 loci,
534 1134 751 1198 Famulumne
764 1135 911 1222 parentis
1080 1149 1111 1210 95

62 1243 136 1308 Esse
150 1257 263 1331 putet3
276 1240 375 1306 caedit
385 1241 480 1304 binas
493 1239 535 1304 de
547 1263 641 1305 more
654 1239 814 1319 bidentis,

88 1401 126 1464 89.
144 1400 213 1448 Mille
226 1402 285 1464 jacit
304 1401 393 1447 Medic.
414 1400 491 1446 Colat.
514 1412 537 1446 et
558 1396 598 1446 alii
614 1401 799 1461 praestantiores,
822 1399 888 1463 quod
908 1397 994 1447 diserte
1015 1400 1113 1450 adstruit

62 1475 136 1522 Heius.
154 1476 295 1521 auctoritate
307 1485 331 1519 et
344 1475 448 1526 ratione,
467 1471 536 1517 trahit
547 1473 664 1518 Romanus
680 1472 782 1516 tenuisse
797 1471 902 1527 ridetur,
918 1483 946 1517 ut
963 1472 1023 1519 adeo
1040 1474 1113 1521 altera

62 1547 125 1592 codd.
139 1544 230 1591 familia
243 1545 272 1590 ab
284 1543 329 1589 hoc
341 1543 411 1588 ducta
423 1545 459 1588 sit.
472 1545 641 1589 Potesttamen
655 1541 702 1587 huc
717 1554 851 1587 revocatum
865 1542 940 1588 videri
954 1541 1053 1589 alterum
1069 1545 1114 1592 hoc

63 1618 135 1673 eer,
157 1631 200 1678 7⁰¹
217 1612 282 1660 Mille
298 1611 387 1658 trahens
403 1616 477 1659 uarios
492 1613 586 1659 adverso
603 1611 757 1659 saeculares.
774 1614 851 1658 Novas
864 1615 1005 1659 mutationes
1019 1616 1044 1659 in
1063 1616 1114 1662 edi-

62 1691 132 1736 tiones
144 1687 235 1734 inferre
244 1686 333 1742 nolim,
349 1686 391 1731 ubi
401 1698 501 1749 utraque
510 1686 582 1732 lectio
593 1687 656 1732 bona
666 1697 712 1741 est,
729 1699 774 1730 nec
786 1684 862 1730 ullum
872 1686 1019 1731 restructum
1032 1688 1114 1746 babet,

61 1762 99 1806 nisi
110 1760 178 1824 quod
188 1773 255 1806 novae
265 1757 339 1804 turbae
348 1758 422 1813 fiunt;
433 1770 455 1803 at
466 1757 531 1821 quod
540 1757 563 1802 h.
574 1756 590 1802 l.
601 1773 639 1803 me
649 1758 734 1812 movit,
744 1766 770 1801 ut
777 1759 834 1818 jacit
842 1773 885 1818 pro
896 1755 964 1802 trabit
972 1760 1114 1820 reciperem,

62 1845 103 1889 est,
115 1831 184 1894 quod
200 1841 281 1876 noster
292 1829 384 1890 Virgilii
397 1842 519 1875 contextus
528 1828 669 1891 plerumque
684 1827 810 1873 lectionem
823 1829 980 1890 Apronianum
996 1845 1024 1875 ex
1038 1832 1115 1877 Medi·

62 1921 99 1950 teo
108 1903 236 1958 redhibet;
253 1913 279 1947 ut
290 1904 361 1964 igitur
376 1919 403 1948 ea
417 1903 461 1948 sibi
476 1913 578 1957 constet,
595 1901 725 1947 deserenda
740 1911 789 1945 erat
799 1899 871 1945 altera
883 1900 991 1946 codicum
1001 1915 1071 1949 secta.
1083 1930 1115 1939 —

61 1988 93 2034 9¹·
107 1972 168 2019 lenm
178 1972 228 2017 duo
237 1973 316 2017 Burm.
327 1988 406 2036 repens
417 1971 522 2018 Parrhas.
534 1988 561 2018 ex
571 1971 653 2035 glossa.
663 1997 695 2006 -
704 1971 742 2031 93.
754 1975 845 2016 secessit
853 1972 907 2015 Ere.
919 1972 1044 2016 Burmann.
1056 1975 1114 2020 Suc·

61 2047 113 2092 cedit
127 2057 153 2091 et
169 2043 253 2108 linquit
264 2042 324 2089 alter
339 2045 421 2090 Hamb.
438 2046 550 2090 Successit
559 2056 583 2090 et
593 2043 675 2108 linquit
684 2042 770 2087 Medic.
785 2058 838 2087 cum
850 2054 952 2104 quatuor
961 2040 1019 2088 aliis.
1032 2070 1064 2080 -
1074 2047 1112 2106 95.

61 2117 182 2161 &nrum
193 2125 217 2161 et
222 2111 366 2178 famulumve
376 2117 481 2178 quinque
490 2117 617 2161 Burmann.
627 2111 760 2178 famulosne
774 2113 873 2159 Oudart.
885 2113 916 2148 ἑ-
926 2112 964 2173 96.
983 2114 1114 2176 Legebatur

61 2248 83 2300 h.
94 2270 118 2302 e.
131 2248 248 2301 macula
258 2266 343 2301 aureae
350 2250 481 2321 fulgentes
488 2246 565 2318 (witb
614 2248 709 2301 eodem
718 2248 798 2300 modo
806 2249 893 2318 possis
902 2245 1116 2317 accipereloevia

62 2328 198 2382 burnislr'd
211 2329 286 2381 Neclc
302 2329 336 2400 of
352 2332 461 2382 verdaat
480 2328 563 2394 Gold,
611 2327 725 2399 pocula,
749 2328 813 2388 asia,
845 2326 965 2396 adeoque
989 2329 1116 2395 nitentia,

63 2422 87 2459 ut
106 2409 242 2461 Miltonus
264 2408 310 2460 lib.
332 2407 382 2473 IX,
403 2409 450 2461 501
472 2409 492 2480 )
510 2410 563 2458 Has

614 2423 680 2480 puta
692 2429 724 2461 ex
736 2428 786 2460 aere
797 2425 862 2460 esse.
874 2404 987 2473 altaria,
1004 2427 1054 2478 pro
1070 2409 1116 2462 da.

63 2493 139 2544 etiam
158 2492 199 2542 sic
212 2491 325 2542 efferas:
334 2486 563 2562 fulgormacuia-
612 2491 692 2562 pibus
706 2491 835 2561 appositis
846 2489 919 2540 dixit.

64 2589 117 2621 rum
129 2586 277 2640 aurearum
286 2568 328 2620 vel
335 2568 432 2640 fulgor
443 2567 564 2618 macula-

62 2667 119 2700 rum
128 2649 209 2712 auri,
223 2660 252 2700 et
261 2665 343 2709 auro;
358 2661 385 2700 et
395 2647 458 2700 binc
471 2649 566 2718 exqui-

65 2730 135 2780 sitius
153 2740 255 2798 poeta:
271 2726 419 2779 maculosus
430 2745 496 2778 auro
507 2724 569 2796 ful·

64 2829 112 2880 gor.
126 2809 231 2861 Habuit
244 2819 305 2859 ante
315 2807 408 2859 oculos
418 2807 498 2859 illud:
509 2803 567 2874 tpi-

67 2909 103 2943 mr
115 2887 156 2940 ἐπὶ
172 2889 237 2941 γὸτι
256 2882 361 2952 depastis
373 2887 391 2938 l.
406 2907 429 2939 c.
442 2885 518 2937 lliad.
531 2886 566 2946 β,

67 2967 120 3022 308.
141 2967 301 3020 incendebat
318 2984 459 3038 squamam
472 2976 566 3016 ornate

67 3069 127 3120 pro,
149 3051 238 3102 inerat
258 3050 384 3119 squamis.
404 3046 499 3113 Silius,
520 3047 566 3117 qui

68 3130 249 3182 totumlocum
264 3130 382 3180 imitatus
395 3140 450 3192 est,
463 3128 510 3179 lib.
523 3129 564 3191 ll,

68 3210 111 3264 585
121 3209 235 3262 Excitus
246 3209 304 3260 sede
318 3207 476 3259 horrendum
485 3211 494 3257 !
504 3225 566 3278 pro-

68 3291 164 3364 rumpit
178 3291 213 3341 ab
234 3290 288 3340 ima
309 3287 438 3340 Caeruleus
455 3286 566 3340 maculis

69 3391 126 3423 auro
139 3367 323 3443 squalentibus
340 3368 443 3440 anquis.
465 3399 502 3409 -
522 3370 564 3436 89.

67 3448 249 3518 iacitcolores,
260 3447 362 3499 dictum
373 3460 416 3512 ut,
427 3450 517 3516 jacere
527 3466 568 3498 ra·

70 3528 137 3598 dios,
158 3528 263 3592 lucem,
283 3522 355 3588 iiras,
376 3522 484 3588 Erisane,
508 3528 567 3577 mit·

70 3618 134 3676 lere,
152 3611 284 3662 emittere.

96 3689 224 3762 90-93.
237 3687 352 3758 Serpens
364 3685 515 3759 degustavit
524 3681 567 3742 asir

71 3767 121 3833 χοάς
132 3768 243 3843 agmine
253 3769 286 3820 de
297 3769 374 3838 spiris
386 3787 417 3819 ac
426 3767 570 3818 volumini·

71 3846 112 3900 bus
129 3848 270 3921 longoque
289 3866 382 3899 eorum
393 3859 489 3898 tractu.
503 3846 567 3916 Sup.

71 3925 103 3993 ΙΙ,
130 3946 197 3992 212,
224 3926 259 3979 de
286 3927 356 3977 binis
379 3925 565 3996 serpentibus:

648 2569 769 2639 94—99.
795 2560 968 2621 instaurat'h.
989 2569 1006 2619 l.
1027 2571 1114 2642 simpl.

614 2651 726 2721 peragit.
746 2651 832 2701 Notus
850 2662 889 2701 est
903 2648 947 2700 hic
960 2667 1024 2700 usus
1042 2651 1117 2703 verbi

615 2726 901 2799 sacrorumfamuittm
906 2730 1034 2800 parentis,
1044 2732 1117 2801 quod

615 2830 710 2880 parum
744 2809 889 2881 expediunt
918 2811 1020 2879 intpp,
1050 2824 1117 2881 puto

616 2890 718 2941 dictum
730 2909 780 2961 pro
794 2891 879 2941 Genio
890 2888 1030 2940 Anchisae:
1044 2899 1120 2958 Ospa·

615 2990 705 3036 aaran,
715 2988 776 3020 eum
790 2970 836 3038 qui
846 2967 917 3018 adest
926 2964 985 3017 bom
990 2967 1037 3017 ini.
1048 2971 1118 3021 Nam

615 3050 693 3102 Genii
705 3049 881 3099 ministerium
898 3058 1038 3116 prestant,
1052 3068 1118 3119 qua·

615 3142 693 3181 tenus
708 3130 810 3200 genitos
824 3127 986 3196 suscipiunt,
999 3140 1118 3197 tuentur,

615 3210 647 3260 iis
658 3208 755 3260 adsunt
763 3207 886 3277 perpetui
897 3207 1006 3258 comites
1017 3226 1120 3262 accus-

615 3284 1120 3350 todes3hocautemlocoetiamadinfe.

615 3384 660 3418 ros
677 3367 839 3417 comitantur
855 3365 979 3415 animam.
995 3368 1056 3419 Haec
1072 3368 1120 3421 eli-

618 3449 671 3498 cias
684 3447 770 3508 exiis,
784 3462 842 3514 quse
853 3457 1012 3497 coacervata
1021 3451 1119 3500 suntin

616 3528 686 3577 Diss.
695 3525 808 3576 Passerii
817 3522 850 3574 de
858 3522 943 3574 Genio
955 3523 1117 3595 domestico,

617 3607 647 3655 T.
665 3607 701 3656 Ill
712 3606 799 3656 Musei
811 3604 924 3655 Etrusci.
940 3603 983 3655 Ab
1002 3607 1119 3662 Etruscis

618 3688 689 3740 enim
716 3686 836 3756 inprimis
862 3685 1018 3755 religionem
1046 3689 1120 3741 illam

619 3767 913 3838 acceperuntllomani.
927 3765 987 3816 Alio
998 3769 1079 3820 modo
1092 3772 1120 3820 iu

618 3848 684 3899 locis
696 3867 712 3899 a
720 3849 871 3898 Burmanno
882 3845 917 3897 ad
927 3847 1015 3899 Valer.
1026 3849 1064 3899 Fl.
1073 3851 1118 3913 lV,

617 3927 669 3979 520
690 3929 809 3979 excitatis
823 3926 949 3977 dicuntur
963 3925 1069 3995 famuli
1087 3946 1118 3978 ac

72 4007 111 4059 lili
130 4008 241 4082 agmine
262 4018 330 4059 certo
348 4008 498 4058 Laocoonta
519 4025 569 4078 pe·
613 4007 729 4080 famnloe
742 4010 849 4060 deorum
862 4006 899 4058 dii
912 4024 958 4057 seu
971 4007 1026 4057 deae
1036 4008 1119 4057 mino-

74 4097 132 4143 taat.
150 4090 217 4158 Quae
229 4089 254 4143 si
265 4107 326 4145 cum
336 4087 364 4142 h.
377 4088 395 4142 l.
412 4107 570 4162 compares,
619 4106 671 4157 res,
677 4089 719 4143 vel
728 4089 785 4142 aliae
793 4100 903 4152 natura,
911 4100 1022 4154 quarum
1028 4087 1120 4138 minis-
